4034 5124
290 399 357 455 111

144 567 151 580 ³
236 583 414 668 diversum,
439 593 547 654 tamen
568 583 637 656 uon
659 591 794 658 omnino
815 589 959 658 eundem*
977 589 1163 656 exhibeant.
1212 587 1325 678 Quare
1345 587 1512 655 interdum
1532 608 1664 656 neccsse
1681 583 1759 670 'luit
1783 603 1819 654 ut

237 691 364 778 integra
395 697 501 786 capita
529 699 746 766 exscriberem
776 718 872 790 atque
903 700 939 766 in
961 700 1047 765 notis
1068 698 1238 784 afferrem3
1282 697 1354 762 aliis
1377 696 1459 764 locis
1484 697 1700 778 differentias,
1746 719 1819 788 quae

237 803 375 870 minoris
398 826 464 868 esse
482 808 641 874 momenti
664 809 752 884 mihi,
771 807 980 887 viderentur,
1019 807 1148 874 silentio
1170 807 1336 897 praeterii3
1370 793 1488 896 quodsi
1513 807 1548 870 in
1570 807 1619 872 bis
1642 801 1713 872 aliis
1733 809 1818 890 justo

169 980 171 984 ,
237 914 358 996 majus,
382 911 451 976 aliis
471 911 951 1006 forsitanminnapraestitissc
971 916 1103 994 videar,
1124 938 1193 983 non
1217 915 1386 997 mirabor3
1417 916 1572 1005 quivero
1594 914 1821 984 remansuras·

237 1020 300 1104 ¹tius
322 1037 544 1110 perscrutatus
560 1007 683 1116 Jsuer'it,
707 1025 867 1102 inveniet,
891 1039 928 1088 ut
945 1035 1060 1113 spero,
1088 1047 1140 1090 me
1160 1023 1249 1089 haud
1271 1023 1366 1088 sacile
1390 1021 1516 1112 aliquid
1535 1023 1699 1104 omisisse,
1730 1021 1823 1114 qnod

237 1129 369 1214 majoris
392 1125 550 1246 ponderis
574 1149 673 1211 esset,
696 1148 855 1220 quatenns
878 1155 917 1198 ex
931 1135 1155 1223 apographis
1178 1155 1251 1222 quae
1269 1133 1350 1196 mihi
1372 1133 1414 1196 ad
1436 1153 1549 1234 manus
1574 1149 1682 1210 erant,
1702 1148 1735 1196 ct
1755 1131 1819 1196 im-

235 1239 357 1326 pressis
386 1235 573 1303 versionum
601 1239 839 1318 editionibus,
864 1240 997 1306 haurire
1018 1241 1146 1306 licer-et.
1197 1239 1341 1306 Facile
1331 1257 1441 1329 ltaque
1464 1236 1689 1320 concedimus,
1736 1236 1818 1320 aliis,

237 1344 357 1433 quibus
382 1345 451 1410 ad'
441 1369 530 1436 rpsos
549 1335 695 1418 codices
704 1343 809 1412 aditus
830 1341 972 1436 patebit,
1003 1371 1140 1415 messem
1159 1345 1335 1432 largiorem
1359 1336 1488 1414 eve'nire
1508 1370 1615 1437 posse.

367 1451 566 1522 Addidimus
587 1479 691 1544 porro
715 1479 802 1526 eum
813 1472 935 1520 textum
957 1457 1094 1545 Angla·
1100 1449 1298 1524 Saxonicum
1319 1455 1438 1542 legum
1451 1458 1569 1522 Canuti
1591 1480 1665 1522 cum
1687 1455 1819 1522 varian-

240 1563 346 1642 tibus,
394 1587 542 1668 quem
516 1558 620 1628 edidit
643 1563 744 1628 celeb.
769 1545 987 1632 Wilkinaius
1041 1567 1137 1630 Hunc
1159 1583 1283 1647 textum
1305 1564 1479 1644 emendare
1497 1579 1552 1627 aut
1572 1565 1665 1628 novis
1687 1563 1820 1648 adjectis

210 1673 435 1738 variantibus
456 1631 668 1750 illustrare,
681 1673 786 1740 nostri
808 1673 876 1739 non
898 1691 983 1752 erat,
1020 1697 1121 1764 quum
1140 1696 1201 1738 nee
1225 1675 1269 1741 ad
1286 1645 1416 1739 codices
1438 1671 1542 1737 aditus
1564 1653 1660 1739 nobis
1683 1687 1828 1762 pateret,
1881 1757 1886 1764 ,

236 1801 298 1848 nec
321 1779 457 1864 exigua,
502 1803 566 1872 quta
598 1776 817 1880 gaudemus,
838 1776 955 1870 linguae
979 1778 1116 1866 Angla·
1125 1780 1315 1876 Saxonicae
1320 1781 1480 1876 ῙιειίιίιιΙΙ
1471 1778 1526 1884 tali
1554 1781 1718 1853 conamini
1749 1779 1818 1847 ullo

236 1867 337 1954 modo
358 1889 531 1974 sufficeret.
579 1886 681 1978 Quod
701 1889 780 1956 dum
800 1887 871 1953 aliis
888 1831 1132 1978 perficiendum
1155 1885 1365 1980 reliquimus,
1390 1891 1447 1980 qui
1468 1907 1499 1956 et
1519 1889 1637 1974 linguae
1657 1907 1690 1954 et
1712 1885 1821 1972 legum

235 1994 531 2079 Angla-Saxonum
548 1999 747 2088 peritiorem
765 1998 907 2062 habeant
929 2000 1169 2082 cognitionem,
1207 2022 1276 2063 non
1296 2013 1405 2062 tamen
1427 1998 1492 2062 suis
1511 1995 1591 2080 locis
1613 1977 1820 2063 animadver-

236 2120 305 2172 tere
335 2107 519 2186 omisimus,
563 2105 620 2169 ubi
650 2123 755 2174 textus
782 2099 918 2189 Anglo-
929 2103 1107 2174 Saronicus
1137 2131 1156 2170 a
1183 2107 1335 2174 versione
1362 2103 1485 2171 codicis
1509 2105 1696 2178 Colbertini
1724 2105 1819 2175 valde

237 2195 420 2302 discrepet,
450 2237 512 2278 nec
540 2238 609 2280 non
636 2213 818 2315 interdum,
846 2213 904 2278 ubi
933 2215 1040 2280 versio
1061 2186 1279 2282 Wilkinsiana
1301 2215 1421 2302 apertis
1443 2210 1528 2278 vitiis
1549 2210 1708 2284 laborare
1723 2214 1818 2282 nobis

237 2321 305 2385 visa
330 2323 382 2386 sit.
390 2319 419 2410 *)
469 2321 631 2387 Caeterum
651 2297 790 2388 lectores
812 2324 955 2388 monitos
979 2345 1047 2388 esse
1070 2320 1185 2402 velim,
1227 2317 1378 2388 ordinem
1401 2323 1545 2410 capitum
1568 2337 1671 2386 textus
1691 2319 1820 2406 Angla-

237 2426 389 2502 saxonici
418 2431 627 2524 interduma
650 2455 703 2497 me
725 2448 896 2497 mutatum
902 2453 989 2512 esse,
1030 2432 1156 2522 quippe
1179 2451 1282 2520 quum
1304 2453 1373 2524 non
1396 2431 1531 2518 omnino
1552 2431 1724 2498 conveniat
1745 2453 1820 2504 cum

240 2538 391 2603 versione
425 2535 547 2606 codicis
570 2539 769 2621 Colbertini,
817 2543 906 2625 cujus
930 2557 1113 2606 accuratam
1132 2527 1310 2605 editionem
1333 2539 1500 2629 praecipue
1525 2539 1672 2630 respexi3
1714 2541 1819 2630 capita
1857 2540 1887 2554 ⁶

236 2641 362 2742 duplici
382 2647 480 2729 igitur
505 2627 643 2716 numero
665 2649 823 2742 instruxi,
864 2671 1008 2738 quorum
1031 2649 1131 2727 alter,
1158 2647 1347 2740 parenthesi
1366 2629 1528 2727 inclusus,
1552 2645 1703 2714 ordinem
1726 2650 1819 2740 capi-

155 2747 159 2756 ’
237 2771 306 2820 ιιιιιι
330 2755 364 2820 in
388 2753 532 2822 editione
555 2755 772 2826 erlrrnsrana
788 2754 939 2822 ostendat.
1007 2755 1170 2824 Nonnulla
1191 2759 1315 2849 capita,
1358 2777 1430 2846 qnae
1455 2755 1492 2820 in
1514 2755 1664 2824 versione
1686 2755 1818 2841 deside-
1834 2761 1836 2764 ’

238 2881 372 2943 rantur,
418 2867 545 2932 restitui
567 2890 605 2930 ex
628 2865 711 2931 Cod.
732 2865 797 2946 1).;
840 2865 910 2930 haec
931 2882 1055 2946 autem,
1100 2882 1136 2932 ut
1158 2865 1291 2958 abipsa
1316 2866 1465 2962 versione
1488 2861 1626 2933 codicis
1635 2863 1818 2930 Colbertini

238 2968 392 3058 distingui
418 2991 556 3062 queant,
580 2954 665 3064 stylo
688 2974 807 3042 minori
832 2966 948 3039 excudi
968 2975 1090 3045 curavi.

368 3081 504 3166 Notalas
533 3081 665 3146 demum
689 3082 744 3148 hic
775 3077 883 3147 illic
873 3085 1104 3175 anspersimus,
1148 3042 1266 3174 quibas
1296 3075 1456 3149 nonnulla
1477 3081 1577 3152 verba
1601 3076 1740 3167 obscura
1764 3091 1817 3140 aut

236 3190 373 3254 barbara
403 3213 466 3279 pro
478 3179 579 3256 virili
607 3187 769 3255 illustrare
794 3191 902 3260 eonati
926 3215 1048 3258 sumus.
1117 3193 1234 3280 Operae
1255 3173 1389 3280 quidem
1408 3185 1567 3293 pretinm
1563 3156 1695 3281 foret,
1724 3209 1817 3252 com-

235 3297 395 3364 mentario
424 3291 586 3404 perpetuo
608 3291 693 3382 leges
719 3299 867 3369 Canuti
857 3315 1037 3379 restruere,
1071 3275 1175 3390 ‘quod
1208 3315 1316 3368 tamea
1339 3313 1372 3362 et
1403 3296 1524 3360 vitium
1545 3258 1749 3363 imbecillius
1785 3311 1817 3358 et
1854 3316 1855 3320 ’

237 3407 317 3471 lines
338 3407 461 3512 angusti
480 3407 749 3499 programmatis,
771 3407 824 3475 eui
848 3399 898 3472 hae
923 3405 1090 3497 plagula}
1080 3407 1279 3496 inserviunt,
1302 3381 1485 3469 vetuerunt.
1533 3405 1606 3468 Hoc
1624 3401 1708 3468 solut
1752 3417 1852 3469 ιιο-ι,

235 3517 299 3580 bis·
310 3508 520 3606 propositum
543 3515 629 3590 erat,
672 3531 710 3580 ut
730 3515 794 3583 hoe
819 3511 978 3608 opusculo
1001 3531 1033 3579 et
1050 3509 1318 3592 ostenderemus,
1353 3535 1502 3602 quaenam
1522 3507 1629 3577 adhuc
1637 3487 1817 3618 supersint
1885 3511 1906 3596 f

234 3623 388 3735 praesidia
415 3623 458 3689 ad
484 3621 570 3706 leges
594 3623 714 3689 Canuti
744 3623 807 3692 rite
839 3622 981 3690 edendas
1003 3625 1099 3713 atque
1119 3603 1399 3714 interpretandas,
1445 3637 1477 3686 et
1496 3615 1594 3686 simul
1618 3601 1817 3711 desiderium
1876 3626 1878 3630 ’

236 3743 350 3798 eorum
358 3733 510 3824 ,quibas
533 3731 620 3816 leges¹
640 3734 779 3824 antiqua
798 3735 884 3800 curae
897 3731 1069 3828 cordique
1089 3749 1180 3811 snat,
1190 3727 1453 3854 quodammodo
1475 3723 1736 3811 sublevaremus,
1757 3754 1817 3794 cu·

128 3841 134 3852 “
236 3859 344 3908 rantes
369 3841 478 3932 legam
502 3842 619 3907 Canuti
639 3839 832 3924 editionem,
860 3865 950 3934 quae,
976 3860 1011 3908 ut
1029 3864 1234 3940 speramus,
1261 3835 1359 3904 alieni
1382 3864 1454 3904 usur
1446 3839 1592 3906 ⁸·harum
1613 3861 1726 3930 rerum
1745 3854 1817 3902 stu-

236 3947 335 4018 diosis
360 3975 428 4018 esse
448 3953 571 4052 possit,
615 3949 720 4018 donec
740 3947 837 4033 alius,
867 3950 1095 4042 profundioris
1120 3931 1277 4016 doctrinae
1303 3965 1460 4042 apparatu
1484 3949 1660 4015 instructus
1685 3963 1717 4016 et
1736 3941 1814 4036 ipsis

235 4060 379 4128 sontibus
410 4061 575 4183 propior,
615 4056 740 4142 legibus
764 4058 873 4146 Anglo
876 4059 1078 4130 -Saxonum
1082 4057 1225 4176 debitam
1245 4055 1447 4148 impenderit
1470 4077 1624 4144 operam,
1637 4051 1755 4144 quod
1779 4071 1815 4120 ut

234 4129 426 4247 basvilla,
462 4167 632 4234 exanimo
657 4166 816 4260 optamus.

239 4284 522 4422 We·
513 4347 546 4384 ιιι
560 4329 637 4384 notis
654 4297 1033 4421 textasAngloasaxan—ieus
1051 4328 1172 4388 urata
1190 4299 1251 4386 aive
1268 4327 1327 4386 As.
1346 4339 1375 4384 et
1392 4329 1486 4396 versio
1503 4275 1694 4395 waltarene
1712 4324 1755 4380 lit.
1764 4322 1813 4379 W.

861 4441 1281 4470 “m-—
