<?xml version="1.0" encoding="UTF-8"?>
<!DOCTYPE html PUBLIC "-//W3C//DTD XHTML 1.0 Transitional//EN"
    "http://www.w3.org/TR/xhtml1/DTD/xhtml1-transitional.dtd">
<html xmlns="http://www.w3.org/1999/xhtml" xml:lang="en" lang="en">
 <head>
  <title>
</title>
<meta http-equiv="Content-Type" content="text/html;charset=utf-8" />
  <meta name='ocr-system' content='tesseract 3.04.00' />
  <meta name='ocr-capabilities' content='ocr_page ocr_carea ocr_par ocr_line ocrx_word'/>
</head>
<body>
  <div class='ocr_page' id='page_1' title='image "antiquamlegumre00britgoog_0074.png"; bbox 0 0 4108 5106; ppageno 0'>
   <div class='ocr_carea' id='block_1_1' title="bbox 187 503 1776 746">
    <p class='ocr_par' dir='ltr' id='par_1_1' title="bbox 187 503 1776 746">
     <span class='ocr_line' id='line_1_1' title="bbox 188 503 1776 614; baseline -0.001 -26"><span class='ocrx_word' id='word_1_1' title='bbox 188 512 318 610; x_wconf 78' lang='lat' dir='ltr'><strong>tuor1)</strong></span> <span class='ocrx_word' id='word_1_2' title='bbox 349 521 487 590; x_wconf 81' lang='lat' dir='ltr'>idoneis</span> <span class='ocrx_word' id='word_1_3' title='bbox 518 521 690 609; x_wconf 68' lang='lat' dir='ltr'><strong>testibus3</strong></span> <span class='ocrx_word' id='word_1_4' title='bbox 731 521 806 592; x_wconf 87' lang='lat' dir='ltr'><strong>&#39;nec</strong></span> <span class='ocrx_word' id='word_1_5' title='bbox 830 518 928 591; x_wconf 85' lang='lat' dir='ltr'><strong>infra</strong></span> <span class='ocrx_word' id='word_1_6' title='bbox 959 519 1116 612; x_wconf 84' lang='lat' dir='ltr'><strong>burgum</strong></span> <span class='ocrx_word' id='word_1_7' title='bbox 1129 503 1164 614; x_wconf 67' lang='grc'><strong>2)</strong></span> <span class='ocrx_word' id='word_1_8' title='bbox 1195 505 1263 588; x_wconf 80' lang='lat' dir='ltr'><strong>ne²c</strong></span> <span class='ocrx_word' id='word_1_9' title='bbox 1294 525 1411 588; x_wconf 83' lang='lat' dir='ltr'><strong>extra.</strong></span> <span class='ocrx_word' id='word_1_10' title='bbox 1485 512 1590 588; x_wconf 83' lang='lat' dir='ltr'><strong>Etsi</strong></span> <span class='ocrx_word' id='word_1_11' title='bbox 1615 538 1689 587; x_wconf 90' lang='lat' dir='ltr'><strong>non</strong></span> <span class='ocrx_word' id='word_1_12' title='bbox 1712 503 1776 588; x_wconf 84' lang='lat' dir='ltr'><strong>tot-</strong></span> 
     </span>
     <span class='ocr_line' id='line_1_2' title="bbox 187 635 1772 746; baseline 0 -26"><span class='ocrx_word' id='word_1_13' title='bbox 187 671 255 720; x_wconf 84' lang='lat' dir='ltr'><strong>nec</strong></span> <span class='ocrx_word' id='word_1_14' title='bbox 280 651 369 720; x_wconf 88' lang='lat' dir='ltr'><strong>tales</strong></span> <span class='ocrx_word' id='word_1_15' title='bbox 392 663 501 722; x_wconf 89' lang='lat' dir='ltr'><strong>testes</strong></span> <span class='ocrx_word' id='word_1_16' title='bbox 524 653 710 742; x_wconf 86' lang='lat' dir='ltr'><strong>habuerit,</strong></span> <span class='ocrx_word' id='word_1_17' title='bbox 742 666 781 724; x_wconf 92' lang='lat' dir='ltr'><strong>et</strong></span> <span class='ocrx_word' id='word_1_18' title='bbox 790 644 796 684; x_wconf 74' lang='grc'><strong>’·</strong></span> <span class='ocrx_word' id='word_1_19' title='bbox 804 653 940 746; x_wconf 85' lang='lat' dir='ltr'><strong>aliquid</strong></span> <span class='ocrx_word' id='word_1_20' title='bbox 964 651 1037 721; x_wconf 87' lang='lat' dir='ltr'><strong>tale</strong></span> <span class='ocrx_word' id='word_1_21' title='bbox 1062 639 1100 719; x_wconf 86' lang='lat' dir='ltr'><strong>in</strong></span> <span class='ocrx_word' id='word_1_22' title='bbox 1123 670 1232 720; x_wconf 87' lang='lat' dir='ltr'><strong>manu</strong></span> <span class='ocrx_word' id='word_1_23' title='bbox 1257 648 1316 720; x_wconf 87' lang='lat' dir='ltr'><strong>vel</strong></span> <span class='ocrx_word' id='word_1_24' title='bbox 1339 651 1379 721; x_wconf 90' lang='lat' dir='ltr'><strong>in</strong></span> <span class='ocrx_word' id='word_1_25' title='bbox 1399 647 1590 740; x_wconf 80' lang='lat' dir='ltr'><strong>potestate</strong></span> <span class='ocrx_word' id='word_1_26' title='bbox 1604 651 1682 742; x_wconf 84' lang='lat' dir='ltr'><strong>ejus</strong></span> <span class='ocrx_word' id='word_1_27' title='bbox 1706 635 1772 720; x_wconf 53' lang='lat' dir='ltr'><strong>in-&#39;</strong></span> 
     </span>
    </p>
   </div>
   <div class='ocr_carea' id='block_1_2' title="bbox 188 768 1773 879">
    <p class='ocr_par' dir='ltr' id='par_1_2' title="bbox 188 768 1773 879">
     <span class='ocr_line' id='line_1_3' title="bbox 188 768 1773 879; baseline 0.001 -29"><span class='ocrx_word' id='word_1_28' title='bbox 188 791 335 851; x_wconf 88' lang='lat' dir='ltr'><strong>ventum</strong></span> <span class='ocrx_word' id='word_1_29' title='bbox 364 783 490 874; x_wconf 86' lang='lat' dir='ltr'><strong>fucrit,</strong></span> <span class='ocrx_word' id='word_1_30' title='bbox 532 795 569 854; x_wconf 91' lang='lat' dir='ltr'><strong>et</strong></span> <span class='ocrx_word' id='word_1_31' title='bbox 583 782 615 879; x_wconf 80' lang='lat'><strong>³)</strong></span> <span class='ocrx_word' id='word_1_32' title='bbox 639 789 716 878; x_wconf 88' lang='lat' dir='ltr'><strong>ipse</strong></span> <span class='ocrx_word' id='word_1_33' title='bbox 741 781 1003 879; x_wconf 84' lang='lat' dir='ltr'><strong>uuerentem⁴)</strong></span> <span class='ocrx_word' id='word_1_34' title='bbox 1035 783 1189 854; x_wconf 84' lang='lat' dir='ltr'><strong>voluerit</strong></span> <span class='ocrx_word' id='word_1_35' title='bbox 1214 805 1358 872; x_wconf 84' lang='lat' dir='ltr'><strong>vocare,</strong></span> <span class='ocrx_word' id='word_1_36' title='bbox 1396 805 1478 852; x_wconf 68' lang='lat' dir='ltr'><strong>,non</strong></span> <span class='ocrx_word' id='word_1_37' title='bbox 1502 771 1536 851; x_wconf 80' lang='lat' dir='ltr'><strong>ei</strong></span> <span class='ocrx_word' id='word_1_38' title='bbox 1558 780 1674 856; x_wconf 77' lang='lat' dir='ltr'><strong>valeat</strong></span> <span class='ocrx_word' id='word_1_39' title='bbox 1698 768 1773 852; x_wconf 54' lang='lat' dir='ltr'><strong>ned</strong></span> 
     </span>
    </p>
   </div>
   <div class='ocr_carea' id='block_1_3' title="bbox 110 896 1798 2604">
    <p class='ocr_par' dir='ltr' id='par_1_3' title="bbox 186 896 1775 2207">
     <span class='ocr_line' id='line_1_4' title="bbox 187 896 1774 1010; baseline 0.003 -29"><span class='ocrx_word' id='word_1_40' title='bbox 187 907 260 1004; x_wconf 64' lang='lat' dir='ltr'><strong>&#39;elue</strong></span> <span class='ocrx_word' id='word_1_41' title='bbox 291 913 415 1006; x_wconf 86' lang='lat' dir='ltr'><strong>licent,</strong></span> <span class='ocrx_word' id='word_1_42' title='bbox 464 918 529 986; x_wconf 89' lang='lat' dir='ltr'><strong>sed</strong></span> <span class='ocrx_word' id='word_1_43' title='bbox 558 920 732 990; x_wconf 80' lang='lat' dir='ltr'><strong>reddatur</strong></span> <span class='ocrx_word' id='word_1_44' title='bbox 763 919 1039 1010; x_wconf 62' lang='lat' dir='ltr'><strong>calumnianti,</strong></span> <span class='ocrx_word' id='word_1_45' title='bbox 1056 912 1088 1008; x_wconf 85' lang='lat'><strong>⁵)</strong></span> <span class='ocrx_word' id='word_1_46' title='bbox 1136 912 1278 1008; x_wconf 83' lang='lat' dir='ltr'><strong>quod⁶)</strong></span> <span class='ocrx_word' id='word_1_47' title='bbox 1303 896 1504 1002; x_wconf 49' lang='lat' dir='ltr'><strong>suum&#39;est,</strong></span> <span class='ocrx_word' id='word_1_48' title='bbox 1555 923 1618 984; x_wconf 91' lang='lat' dir='ltr'><strong>eut</strong></span> <span class='ocrx_word' id='word_1_49' title='bbox 1638 914 1774 1005; x_wconf 82' lang='lat' dir='ltr'><strong>velens,¹</strong></span> 
     </span>
     <span class='ocr_line' id='line_1_5' title="bbox 190 1043 1774 1139; baseline 0.002 -25"><span class='ocrx_word' id='word_1_50' title='bbox 190 1054 227 1114; x_wconf 90' lang='lat' dir='ltr'><strong>et</strong></span> <span class='ocrx_word' id='word_1_51' title='bbox 249 1047 397 1139; x_wconf 84' lang='lat' dir='ltr'><strong>insuper</strong></span> <span class='ocrx_word' id='word_1_52' title='bbox 419 1050 553 1119; x_wconf 90' lang='lat' dir='ltr'><strong>iterum</strong></span> <span class='ocrx_word' id='word_1_53' title='bbox 579 1061 719 1121; x_wconf 87' lang='lat' dir='ltr'><strong>tentum</strong></span> <span class='ocrx_word' id='word_1_54' title='bbox 743 1051 885 1139; x_wconf 82' lang='lat' dir='ltr'><strong>valens,</strong></span> <span class='ocrx_word' id='word_1_55' title='bbox 936 1059 974 1120; x_wconf 83' lang='lat' dir='ltr'><strong>et</strong></span> <span class='ocrx_word' id='word_1_56' title='bbox 1004 1047 1291 1138; x_wconf 76' lang='lat' dir='ltr'><strong>forisfacturam,</strong></span> <span class='ocrx_word' id='word_1_57' title='bbox 1341 1047 1403 1139; x_wconf 91' lang='lat' dir='ltr'><strong>qui</strong></span> <span class='ocrx_word' id='word_1_58' title='bbox 1415 1043 1449 1139; x_wconf 85' lang='lat'><strong>⁷)</strong></span> <span class='ocrx_word' id='word_1_59' title='bbox 1478 1070 1558 1116; x_wconf 86' lang='lat' dir='ltr'><strong>eum</strong></span> <span class='ocrx_word' id='word_1_60' title='bbox 1582 1048 1678 1138; x_wconf 78' lang='lat' dir='ltr'><strong>juste</strong></span> <span class='ocrx_word' id='word_1_61' title='bbox 1702 1047 1774 1117; x_wconf 83' lang='lat' dir='ltr'><strong>ha-</strong></span> 
     </span>
     <span class='ocr_line' id='line_1_6' title="bbox 187 1176 1775 1274; baseline 0.004 -28"><span class='ocrx_word' id='word_1_62' title='bbox 187 1176 274 1248; x_wconf 86' lang='lat' dir='ltr'><strong>bere</strong></span> <span class='ocrx_word' id='word_1_63' title='bbox 297 1180 416 1252; x_wconf 88' lang='lat' dir='ltr'><strong>debet.</strong></span> <span class='ocrx_word' id='word_1_64' title='bbox 469 1183 580 1272; x_wconf 89' lang='lat' dir='ltr'><strong>Quod</strong></span> <span class='ocrx_word' id='word_1_65' title='bbox 602 1186 633 1254; x_wconf 89' lang='lat' dir='ltr'><strong>si</strong></span> <span class='ocrx_word' id='word_1_66' title='bbox 655 1183 744 1254; x_wconf 83' lang='lat' dir='ltr'><strong>tales</strong></span> <span class='ocrx_word' id='word_1_67' title='bbox 764 1194 875 1254; x_wconf 89' lang='lat' dir='ltr'><strong>testes</strong></span> <span class='ocrx_word' id='word_1_68' title='bbox 898 1183 1084 1272; x_wconf 83' lang='lat' dir='ltr'><strong>habuerit,</strong></span> <span class='ocrx_word' id='word_1_69' title='bbox 1122 1180 1243 1274; x_wconf 87' lang='lat' dir='ltr'><strong>quales</strong></span> <span class='ocrx_word' id='word_1_70' title='bbox 1270 1180 1575 1270; x_wconf 83' lang='lat' dir='ltr'><strong>supradiximus,</strong></span> <span class='ocrx_word' id='word_1_71' title='bbox 1610 1204 1775 1254; x_wconf 84' lang='lat' dir='ltr'><strong>uueren-</strong></span> 
     </span>
     <span class='ocr_line' id='line_1_7' title="bbox 188 1291 1773 1407; baseline 0.006 -29"><span class='ocrx_word' id='word_1_72' title='bbox 188 1291 311 1403; x_wconf 52' lang='lat' dir='ltr'><strong>teme)</strong></span> <span class='ocrx_word' id='word_1_73' title='bbox 334 1299 458 1405; x_wconf 81' lang='lat' dir='ltr'><strong>vocet,</strong></span> <span class='ocrx_word' id='word_1_74' title='bbox 509 1326 546 1385; x_wconf 92' lang='lat' dir='ltr'><strong>et</strong></span> <span class='ocrx_word' id='word_1_75' title='bbox 569 1315 631 1385; x_wconf 91' lang='lat' dir='ltr'><strong>ille</strong></span> <span class='ocrx_word' id='word_1_76' title='bbox 655 1327 822 1407; x_wconf 80' lang='lat' dir='ltr'><strong>vocatus,</strong></span> <span class='ocrx_word' id='word_1_77' title='bbox 870 1327 975 1388; x_wconf 80' lang='lat' dir='ltr'><strong>vocet</strong></span> <span class='ocrx_word' id='word_1_78' title='bbox 996 1313 1127 1402; x_wconf 90' lang='lat' dir='ltr'><strong>alium,</strong></span> <span class='ocrx_word' id='word_1_79' title='bbox 1175 1315 1206 1382; x_wconf 89' lang='lat' dir='ltr'><strong>si</strong></span> <span class='ocrx_word' id='word_1_80' title='bbox 1229 1320 1367 1404; x_wconf 87' lang='lat' dir='ltr'><strong>potest,</strong></span> <span class='ocrx_word' id='word_1_81' title='bbox 1394 1320 1431 1379; x_wconf 89' lang='lat' dir='ltr'><strong>et</strong></span> <span class='ocrx_word' id='word_1_82' title='bbox 1455 1313 1583 1381; x_wconf 90' lang='lat' dir='ltr'><strong>tertius</strong></span> <span class='ocrx_word' id='word_1_83' title='bbox 1596 1309 1630 1406; x_wconf 85' lang='lat'><strong>⁹)</strong></span> <span class='ocrx_word' id='word_1_84' title='bbox 1655 1315 1773 1388; x_wconf 80' lang='lat' dir='ltr'><strong>adhuc</strong></span> 
     </span>
     <span class='ocr_line' id='line_1_8' title="bbox 187 1432 1771 1540; baseline 0.005 -30"><span class='ocrx_word' id='word_1_85' title='bbox 187 1443 335 1513; x_wconf 87' lang='lat' dir='ltr'><strong>tertium</strong></span> <span class='ocrx_word' id='word_1_86' title='bbox 355 1458 477 1537; x_wconf 82' lang='lat' dir='ltr'><strong>vocet,</strong></span> <span class='ocrx_word' id='word_1_87' title='bbox 509 1452 540 1518; x_wconf 91' lang='lat' dir='ltr'><strong>si</strong></span> <span class='ocrx_word' id='word_1_88' title='bbox 564 1459 706 1540; x_wconf 91' lang='lat' dir='ltr'><strong>potest,</strong></span> <span class='ocrx_word' id='word_1_89' title='bbox 732 1459 771 1518; x_wconf 86' lang='lat' dir='ltr'><strong>et</strong></span> <span class='ocrx_word' id='word_1_90' title='bbox 791 1452 918 1520; x_wconf 88' lang='lat' dir='ltr'><strong>tertius</strong></span> <span class='ocrx_word' id='word_1_91' title='bbox 944 1471 1051 1516; x_wconf 85' lang='lat' dir='ltr'><strong>suurn</strong></span> <span class='ocrx_word' id='word_1_92' title='bbox 1076 1445 1201 1535; x_wconf 82' lang='lat' dir='ltr'><strong>faciet,</strong></span> <span class='ocrx_word' id='word_1_93' title='bbox 1226 1447 1257 1516; x_wconf 89' lang='lat' dir='ltr'><strong>si</strong></span> <span class='ocrx_word' id='word_1_94' title='bbox 1283 1442 1400 1537; x_wconf 75' lang='lat' dir='ltr'><strong>valet3‘</strong></span> <span class='ocrx_word' id='word_1_95' title='bbox 1435 1432 1531 1536; x_wconf 87' lang='lat' dir='ltr'><strong>quod</strong></span> <span class='ocrx_word' id='word_1_96' title='bbox 1555 1446 1586 1514; x_wconf 89' lang='lat' dir='ltr'><strong>ei</strong></span> <span class='ocrx_word' id='word_1_97' title='bbox 1608 1471 1680 1516; x_wconf 89' lang='lat' dir='ltr'><strong>non</strong></span> <span class='ocrx_word' id='word_1_98' title='bbox 1704 1469 1771 1520; x_wconf 81' lang='lat' dir='ltr'><strong>va-</strong></span> 
     </span>
     <span class='ocr_line' id='line_1_9' title="bbox 186 1567 1771 1675; baseline 0.004 -34"><span class='ocrx_word' id='word_1_99' title='bbox 186 1572 255 1663; x_wconf 87' lang='lat' dir='ltr'><strong>let,</strong></span> <span class='ocrx_word' id='word_1_100' title='bbox 280 1578 453 1649; x_wconf 76' lang='lat' dir='ltr'><strong>reddatur</strong></span> <span class='ocrx_word' id='word_1_101' title='bbox 478 1584 528 1669; x_wconf 85' lang='lat' dir='ltr'><strong>ei,</strong></span> <span class='ocrx_word' id='word_1_102' title='bbox 554 1567 720 1675; x_wconf 83' lang='lat' dir='ltr'><strong>quod·²⁰)</strong></span> <span class='ocrx_word' id='word_1_103' title='bbox 745 1579 838 1674; x_wconf 84' lang='lat' dir='ltr'><strong>juste</strong></span> <span class='ocrx_word' id='word_1_104' title='bbox 860 1581 995 1650; x_wconf 83' lang='lat' dir='ltr'><strong>bebere</strong></span> <span class='ocrx_word' id='word_1_105' title='bbox 1021 1577 1137 1647; x_wconf 88' lang='lat' dir='ltr'><strong>debet.</strong></span> <span class='ocrx_word' id='word_1_106' title='bbox 1181 1575 1300 1646; x_wconf 85' lang='lat' dir='ltr'><strong>Nobis</strong></span> <span class='ocrx_word' id='word_1_107' title='bbox 1320 1585 1443 1646; x_wconf 86' lang='lat' dir='ltr'><strong>tamen</strong></span> <span class='ocrx_word' id='word_1_108' title='bbox 1468 1578 1642 1669; x_wconf 87' lang='lat' dir='ltr'><strong>injustum</strong></span> <span class='ocrx_word' id='word_1_109' title='bbox 1657 1572 1771 1650; x_wconf 82' lang='lat' dir='ltr'><strong>¹vide-</strong></span> 
     </span>
     <span class='ocr_line' id='line_1_10' title="bbox 189 1698 1772 1808; baseline 0.005 -33"><span class='ocrx_word' id='word_1_110' title='bbox 189 1714 269 1790; x_wconf 89' lang='lat' dir='ltr'><strong>tur,</strong></span> <span class='ocrx_word' id='word_1_111' title='bbox 308 1713 403 1801; x_wconf 93' lang='lat' dir='ltr'><strong>quod</strong></span> <span class='ocrx_word' id='word_1_112' title='bbox 429 1712 554 1806; x_wconf 89' lang='lat' dir='ltr'><strong>aliquis</strong></span> <span class='ocrx_word' id='word_1_113' title='bbox 584 1715 715 1784; x_wconf 85' lang='lat' dir='ltr'><strong>debent</strong></span> <span class='ocrx_word' id='word_1_114' title='bbox 729 1727 741 1757; x_wconf 89' lang='lat'><em>¹</em></span> <span class='ocrx_word' id='word_1_115' title='bbox 755 1707 787 1808; x_wconf 51' lang='lat'><strong>¹⁴)</strong></span> <span class='ocrx_word' id='word_1_116' title='bbox 818 1715 887 1784; x_wconf 91' lang='lat' dir='ltr'><strong>sibi</strong></span> <span class='ocrx_word' id='word_1_117' title='bbox 916 1698 1070 1804; x_wconf 78' lang='lat' dir='ltr'><strong>jurando</strong></span> <span class='ocrx_word' id='word_1_118' title='bbox 1084 1699 1141 1802; x_wconf 57' lang='grc' dir='ltr'>Ν)</span> <span class='ocrx_word' id='word_1_119' title='bbox 1162 1709 1373 1797; x_wconf 75' lang='lat' dir='ltr'><strong>vendicare,</strong></span> <span class='ocrx_word' id='word_1_120' title='bbox 1414 1711 1510 1801; x_wconf 91' lang='lat' dir='ltr'><strong>quod</strong></span> <span class='ocrx_word' id='word_1_121' title='bbox 1540 1710 1634 1800; x_wconf 85' lang='lat' dir='ltr'><strong>juste</strong></span> <span class='ocrx_word' id='word_1_122' title='bbox 1666 1735 1772 1784; x_wconf 89' lang='lat' dir='ltr'><strong>suurn</strong></span> 
     </span>
     <span class='ocr_line' id='line_1_11' title="bbox 191 1815 1773 1940; baseline 0.006 -33"><span class='ocrx_word' id='word_1_123' title='bbox 191 1847 268 1929; x_wconf 90' lang='lat' dir='ltr'><strong>est,</strong></span> <span class='ocrx_word' id='word_1_124' title='bbox 303 1840 374 1912; x_wconf 90' lang='lat' dir='ltr'><strong>ubi·</strong></span> <span class='ocrx_word' id='word_1_125' title='bbox 400 1855 509 1916; x_wconf 87' lang='lat' dir='ltr'><strong>testes</strong></span> <span class='ocrx_word' id='word_1_126' title='bbox 538 1857 645 1938; x_wconf 88' lang='lat' dir='ltr'><strong>sunt,</strong></span> <span class='ocrx_word' id='word_1_127' title='bbox 695 1857 732 1916; x_wconf 90' lang='lat' dir='ltr'><strong>et</strong></span> <span class='ocrx_word' id='word_1_128' title='bbox 765 1842 965 1940; x_wconf 81' lang='lat' dir='ltr'><strong>saltem¹³)</strong></span> <span class='ocrx_word' id='word_1_129' title='bbox 990 1844 1074 1915; x_wconf 82' lang='lat' dir='ltr'><strong>ante</strong></span> <span class='ocrx_word' id='word_1_130' title='bbox 1099 1864 1164 1913; x_wconf 86' lang='lat' dir='ltr'><strong>sex</strong></span> <span class='ocrx_word' id='word_1_131' title='bbox 1188 1863 1348 1930; x_wconf 87' lang='lat' dir='ltr'><strong>menses,</strong></span> <span class='ocrx_word' id='word_1_132' title='bbox 1385 1815 1576 1934; x_wconf 84' lang='lat' dir='ltr'><strong>postquam</strong></span> <span class='ocrx_word' id='word_1_133' title='bbox 1602 1842 1701 1917; x_wconf 85' lang='lat' dir='ltr'><strong>furto</strong></span> <span class='ocrx_word' id='word_1_134' title='bbox 1717 1842 1773 1939; x_wconf 84' lang='lat'><strong>¹⁴)</strong></span> 
     </span>
     <span class='ocr_line' id='line_1_12' title="bbox 191 1957 1775 2073; baseline 0.009 -35"><span class='ocrx_word' id='word_1_135' title='bbox 191 1969 351 2044; x_wconf 82' lang='lat' dir='ltr'><strong>ablutum</strong></span> <span class='ocrx_word' id='word_1_136' title='bbox 377 1988 451 2061; x_wconf 89' lang='lat' dir='ltr'><strong>est,</strong></span> <span class='ocrx_word' id='word_1_137' title='bbox 473 1982 590 2072; x_wconf 62' lang='lat' dir='ltr'><strong>,quod</strong></span> <span class='ocrx_word' id='word_1_138' title='bbox 618 1983 747 2073; x_wconf 88' lang='lat' dir='ltr'><strong>querit.</strong></span> <span class='ocrx_word' id='word_1_139' title='bbox 1232 2065 1234 2068; x_wconf 17' lang='lat'>¹</span> <span class='ocrx_word' id='word_1_140' title='bbox 1769 1957 1775 1966; x_wconf 37' lang='lat'><strong><em>¹</em></strong></span> 
     </span>
     <span class='ocr_line' id='line_1_13' title="bbox 506 2104 1464 2207; baseline -0.007 -22"><span class='ocrx_word' id='word_1_141' title='bbox 506 2121 565 2193; x_wconf 78' lang='lat'><strong>25.</strong></span> <span class='ocrx_word' id='word_1_142' title='bbox 593 2110 682 2207; x_wconf 80' lang='lat'><strong>(23.)</strong></span> <span class='ocrx_word' id='word_1_143' title='bbox 731 2106 865 2204; x_wconf 85' lang='lat' dir='ltr'><strong>De¹⁵)</strong></span> <span class='ocrx_word' id='word_1_144' title='bbox 892 2132 956 2194; x_wconf 86' lang='lat' dir='ltr'><strong>eo,</strong></span> <span class='ocrx_word' id='word_1_145' title='bbox 1000 2109 1064 2204; x_wconf 83' lang='lat' dir='ltr'><strong>qui</strong></span> <span class='ocrx_word' id='word_1_146' title='bbox 1090 2107 1326 2180; x_wconf 80' lang='lat' dir='ltr'><strong>hundredum</strong></span> <span class='ocrx_word' id='word_1_147' title='bbox 1342 2104 1464 2201; x_wconf 83' lang='lat' dir='ltr'><strong>fugit.</strong></span> 
     </span>
    </p>

    <p class='ocr_par' dir='ltr' id='par_1_4' title="bbox 110 2219 1798 2604">
     <span class='ocr_line' id='line_1_14' title="bbox 325 2219 1774 2337; baseline 0.002 -29"><span class='ocrx_word' id='word_1_148' title='bbox 325 2238 398 2328; x_wconf 90' lang='lat' dir='ltr'><strong>Qui</strong></span> <span class='ocrx_word' id='word_1_149' title='bbox 420 2266 515 2334; x_wconf 84' lang='lat' dir='ltr'><strong>saepe</strong></span> <span class='ocrx_word' id='word_1_150' title='bbox 529 2242 586 2337; x_wconf 83' lang='lat'><strong>1⁶)</strong></span> <span class='ocrx_word' id='word_1_151' title='bbox 603 2243 882 2335; x_wconf 81' lang='lat' dir='ltr'><strong>.celumpnietus</strong></span> <span class='ocrx_word' id='word_1_152' title='bbox 908 2253 964 2312; x_wconf 91' lang='lat' dir='ltr'><strong>est</strong></span> <span class='ocrx_word' id='word_1_153' title='bbox 989 2246 1035 2313; x_wconf 90' lang='lat' dir='ltr'><strong>de</strong></span> <span class='ocrx_word' id='word_1_154' title='bbox 1060 2243 1177 2329; x_wconf 85' lang='lat' dir='ltr'><strong>furto,</strong></span> <span class='ocrx_word' id='word_1_155' title='bbox 1201 2219 1204 2224; x_wconf 30' lang='lat'>⁵</span> <span class='ocrx_word' id='word_1_156' title='bbox 1230 2251 1280 2309; x_wconf 74' lang='lat' dir='ltr'><strong>et,</strong></span> <span class='ocrx_word' id='word_1_157' title='bbox 1298 2240 1598 2336; x_wconf 79' lang='lat' dir='ltr'><strong>hundredum²⁷)</strong></span> <span class='ocrx_word' id='word_1_158' title='bbox 1624 2261 1774 2323; x_wconf 65' lang='lat' dir='ltr'><strong>&#39;vocatus</strong></span> 
     </span>
     <span class='ocr_line' id='line_1_15' title="bbox 193 2365 1777 2473; baseline 0.008 -37"><span class='ocrx_word' id='word_1_159' title='bbox 193 2377 249 2437; x_wconf 89' lang='lat' dir='ltr'><strong>ter</strong></span> <span class='ocrx_word' id='word_1_160' title='bbox 272 2371 444 2464; x_wconf 87' lang='lat' dir='ltr'><strong>declinet,</strong></span> <span class='ocrx_word' id='word_1_161' title='bbox 468 2379 699 2448; x_wconf 88' lang='lat' dir='ltr'><strong>invenientur</strong></span> <span class='ocrx_word' id='word_1_162' title='bbox 724 2377 770 2446; x_wconf 87' lang='lat' dir='ltr'><strong>de</strong></span> <span class='ocrx_word' id='word_1_163' title='bbox 795 2377 995 2465; x_wconf 82' lang='lat' dir='ltr'><strong>hundredo,</strong></span> <span class='ocrx_word' id='word_1_164' title='bbox 1018 2377 1079 2467; x_wconf 91' lang='lat' dir='ltr'><strong>qui</strong></span> <span class='ocrx_word' id='word_1_165' title='bbox 1103 2395 1187 2442; x_wconf 89' lang='lat' dir='ltr'><strong>eum</strong></span> <span class='ocrx_word' id='word_1_166' title='bbox 1215 2375 1366 2454; x_wconf 87' lang='lat' dir='ltr'><strong>adeant,</strong></span> <span class='ocrx_word' id='word_1_167' title='bbox 1390 2381 1427 2440; x_wconf 84' lang='lat' dir='ltr'><strong>et</strong></span> <span class='ocrx_word' id='word_1_168' title='bbox 1450 2365 1626 2466; x_wconf 74' lang='lat' dir='ltr'><strong>inveniet,</strong></span> <span class='ocrx_word' id='word_1_169' title='bbox 1648 2384 1679 2450; x_wconf 89' lang='lat' dir='ltr'><strong>si</strong></span> <span class='ocrx_word' id='word_1_170' title='bbox 1703 2406 1777 2473; x_wconf 90' lang='lat' dir='ltr'><strong>po-</strong></span> 
     </span>
     <span class='ocr_line' id='line_1_16' title="bbox 110 2499 1798 2604; baseline 0.008 -35"><span class='ocrx_word' id='word_1_171' title='bbox 110 2531 113 2538; x_wconf 72' lang='grc'><strong>’</strong></span> <span class='ocrx_word' id='word_1_172' title='bbox 193 2511 282 2592; x_wconf 84' lang='lat' dir='ltr'><strong>test,</strong></span> <span class='ocrx_word' id='word_1_173' title='bbox 316 2504 433 2576; x_wconf 89' lang='lat' dir='ltr'><strong>adhuc</strong></span> <span class='ocrx_word' id='word_1_174' title='bbox 455 2510 603 2601; x_wconf 80' lang='lat' dir='ltr'><strong>plegios.</strong></span> <span class='ocrx_word' id='word_1_175' title='bbox 622 2506 679 2603; x_wconf 83' lang='lat'><strong>²⁸)</strong></span> <span class='ocrx_word' id='word_1_176' title='bbox 728 2508 847 2597; x_wconf 86' lang='lat' dir='ltr'><strong>Quod</strong></span> <span class='ocrx_word' id='word_1_177' title='bbox 872 2511 903 2578; x_wconf 91' lang='lat' dir='ltr'><strong>si</strong></span> <span class='ocrx_word' id='word_1_178' title='bbox 925 2531 1000 2577; x_wconf 90' lang='lat' dir='ltr'><strong>non</strong></span> <span class='ocrx_word' id='word_1_179' title='bbox 1026 2507 1203 2602; x_wconf 85' lang='lat' dir='ltr'><strong>potuerit,</strong></span> <span class='ocrx_word' id='word_1_180' title='bbox 1240 2499 1375 2597; x_wconf 82' lang='lat' dir='ltr'><strong>eut¹⁹)</strong></span> <span class='ocrx_word' id='word_1_181' title='bbox 1403 2503 1577 2598; x_wconf 85' lang='lat' dir='ltr'><strong>noluerit,</strong></span> <span class='ocrx_word' id='word_1_182' title='bbox 1613 2516 1798 2604; x_wconf 76' lang='lat' dir='ltr'><strong>capietur,</strong></span> 
     </span>
    </p>
   </div>
   <div class='ocr_carea' id='block_1_4' title="bbox 198 2653 427 2680">
    <p class='ocr_par' dir='ltr' id='par_1_5' title="bbox 198 2653 427 2680">
     <span class='ocr_line' id='line_1_17' title="bbox 198 2653 427 2680; baseline 0.022 -4"><span class='ocrx_word' id='word_1_183' title='bbox 198 2653 427 2680; x_wconf 50' lang='lat' dir='ltr'><strong>mun—-</strong></span> 
     </span>
    </p>
   </div>
   <div class='ocr_carea' id='block_1_5' title="bbox 108 2744 1782 4433">
    <p class='ocr_par' dir='ltr' id='par_1_6' title="bbox 108 2744 1782 4433">
     <span class='ocr_line' id='line_1_18' title="bbox 207 2744 1248 2815; baseline 0.002 -21"><span class='ocrx_word' id='word_1_184' title='bbox 207 2763 210 2768; x_wconf 91' lang='lat'>·</span> <span class='ocrx_word' id='word_1_185' title='bbox 233 2746 259 2810; x_wconf 92' lang='grc' dir='ltr'>ι)</span> <span class='ocrx_word' id='word_1_186' title='bbox 296 2747 428 2799; x_wconf 81' lang='lat' dir='ltr'><strong>credibili</strong></span> <span class='ocrx_word' id='word_1_187' title='bbox 445 2749 608 2799; x_wconf 87' lang='lat' dir='ltr'><strong>testimonio</strong></span> <span class='ocrx_word' id='word_1_188' title='bbox 626 2746 669 2798; x_wconf 89' lang='lat' dir='ltr'><strong>tv</strong></span> <span class='ocrx_word' id='word_1_189' title='bbox 685 2745 834 2800; x_wconf 86' lang='lat' dir='ltr'><strong>hominum</strong></span> <span class='ocrx_word' id='word_1_190' title='bbox 850 2744 922 2800; x_wconf 68' lang='grc' dir='ltr'><strong>ΗΒ.</strong></span> <span class='ocrx_word' id='word_1_191' title='bbox 940 2772 978 2788; x_wconf 93' lang='grc'><strong>-</strong></span> <span class='ocrx_word' id='word_1_192' title='bbox 993 2746 1030 2800; x_wconf 89' lang='grc' dir='ltr'><strong>Η.</strong></span> <span class='ocrx_word' id='word_1_193' title='bbox 1048 2765 1099 2799; x_wconf 89' lang='lat' dir='ltr'><strong>cm.</strong></span> <span class='ocrx_word' id='word_1_194' title='bbox 1116 2756 1248 2815; x_wconf 83' lang='lat' dir='ltr'><strong>quatuor.</strong></span> 
     </span>
     <span class='ocr_line' id='line_1_19' title="bbox 229 2839 987 2911; baseline 0.004 -20"><span class='ocrx_word' id='word_1_195' title='bbox 229 2839 259 2906; x_wconf 78' lang='lat' dir='ltr'><strong>tt)</strong></span> <span class='ocrx_word' id='word_1_196' title='bbox 294 2845 438 2894; x_wconf 72' lang='lat' dir='ltr'><strong>civitatem</strong></span> <span class='ocrx_word' id='word_1_197' title='bbox 456 2839 489 2892; x_wconf 90' lang='lat' dir='ltr'><strong>B.</strong></span> <span class='ocrx_word' id='word_1_198' title='bbox 507 2839 681 2909; x_wconf 84' lang='lat' dir='ltr'><strong>—burgum</strong></span> <span class='ocrx_word' id='word_1_199' title='bbox 701 2857 731 2892; x_wconf 80' lang='lat' dir='ltr'><strong>et</strong></span> <span class='ocrx_word' id='word_1_200' title='bbox 751 2844 894 2911; x_wconf 83' lang='lat' dir='ltr'><strong>oppidum,</strong></span> <span class='ocrx_word' id='word_1_201' title='bbox 912 2841 987 2894; x_wconf 81' lang='lat' dir='ltr'><strong>urbs.</strong></span> 
     </span>
     <span class='ocr_line' id='line_1_20' title="bbox 229 2923 1782 3010; baseline 0.008 -25"><span class='ocrx_word' id='word_1_202' title='bbox 229 2934 260 3001; x_wconf 80' lang='grc'>5)</span> <span class='ocrx_word' id='word_1_203' title='bbox 294 2951 350 2989; x_wconf 89' lang='lat' dir='ltr'><strong>non</strong></span> <span class='ocrx_word' id='word_1_204' title='bbox 369 2938 453 2990; x_wconf 87' lang='lat' dir='ltr'><strong>liceat</strong></span> <span class='ocrx_word' id='word_1_205' title='bbox 472 2940 498 2990; x_wconf 91' lang='lat' dir='ltr'><strong>ei</strong></span> <span class='ocrx_word' id='word_1_206' title='bbox 517 2936 671 3001; x_wconf 76' lang='lat' dir='ltr'><strong>advocare,</strong></span> <span class='ocrx_word' id='word_1_207' title='bbox 690 2937 739 2990; x_wconf 89' lang='lat' dir='ltr'><strong>sed</strong></span> <span class='ocrx_word' id='word_1_208' title='bbox 759 2937 857 2990; x_wconf 85' lang='lat' dir='ltr'><strong>reddet</strong></span> <span class='ocrx_word' id='word_1_209' title='bbox 875 2940 1017 3006; x_wconf 81' lang='lat' dir='ltr'><strong>repetenti</strong></span> <span class='ocrx_word' id='word_1_210' title='bbox 1035 2923 1142 3004; x_wconf 75' lang='lat' dir='ltr'><strong>captole</strong></span> <span class='ocrx_word' id='word_1_211' title='bbox 1161 2953 1245 2991; x_wconf 87' lang='lat' dir='ltr'><strong>suum</strong></span> <span class='ocrx_word' id='word_1_212' title='bbox 1267 2947 1296 2990; x_wconf 88' lang='lat' dir='ltr'><strong>et</strong></span> <span class='ocrx_word' id='word_1_213' title='bbox 1313 2936 1470 2990; x_wconf 83' lang='lat' dir='ltr'><strong>secuudum</strong></span> <span class='ocrx_word' id='word_1_214' title='bbox 1487 2937 1685 3010; x_wconf 75' lang='lat' dir='ltr'><strong>(secundani)</strong></span> <span class='ocrx_word' id='word_1_215' title='bbox 1700 2943 1782 3007; x_wconf 66' lang='lat' dir='ltr'><strong>solu-,¹</strong></span> 
     </span>
     <span class='ocr_line' id='line_1_21' title="bbox 326 3029 1313 3102; baseline 0.001 -18"><span class='ocrx_word' id='word_1_216' title='bbox 326 3037 432 3084; x_wconf 81' lang='lat' dir='ltr'><strong>tionem</strong></span> <span class='ocrx_word' id='word_1_217' title='bbox 450 3041 477 3084; x_wconf 90' lang='lat' dir='ltr'><strong>et</strong></span> <span class='ocrx_word' id='word_1_218' title='bbox 495 3029 704 3086; x_wconf 83' lang='lat' dir='ltr'><strong>iorislectursrn</strong></span> <span class='ocrx_word' id='word_1_219' title='bbox 722 3031 772 3086; x_wconf 77' lang='lat' dir='ltr'><strong>dte.</strong></span> <span class='ocrx_word' id='word_1_220' title='bbox 790 3031 824 3083; x_wconf 87' lang='grc' dir='ltr'><strong>Β.</strong></span> <span class='ocrx_word' id='word_1_221' title='bbox 1021 3031 1054 3102; x_wconf 84' lang='grc'>4)</span> <span class='ocrx_word' id='word_1_222' title='bbox 1096 3044 1262 3100; x_wconf 75' lang='lat' dir='ltr'><strong>guarentem</strong></span> <span class='ocrx_word' id='word_1_223' title='bbox 1275 3031 1313 3086; x_wconf 87' lang='lat' dir='ltr'><strong>H.</strong></span> 
     </span>
     <span class='ocr_line' id='line_1_22' title="bbox 230 3122 1745 3194; baseline 0.005 -18"><span class='ocrx_word' id='word_1_224' title='bbox 230 3124 260 3189; x_wconf 80' lang='lat'><strong>5)</strong></span> <span class='ocrx_word' id='word_1_225' title='bbox 295 3127 507 3194; x_wconf 84' lang='lat' dir='ltr'><strong>calumpnianti,</strong></span> <span class='ocrx_word' id='word_1_226' title='bbox 525 3129 624 3180; x_wconf 77' lang='lat' dir='ltr'><strong>aeteri.</strong></span> <span class='ocrx_word' id='word_1_227' title='bbox 773 3123 806 3194; x_wconf 85' lang='lat'><strong>6)</strong></span> <span class='ocrx_word' id='word_1_228' title='bbox 845 3126 965 3194; x_wconf 80' lang='lat' dir='ltr'><strong>capitale</strong></span> <span class='ocrx_word' id='word_1_229' title='bbox 981 3141 1066 3179; x_wconf 86' lang='lat' dir='ltr'><strong>suum</strong></span> <span class='ocrx_word' id='word_1_230' title='bbox 1083 3137 1111 3179; x_wconf 90' lang='lat' dir='ltr'><strong>et</strong></span> <span class='ocrx_word' id='word_1_231' title='bbox 1129 3127 1252 3180; x_wconf 87' lang='lat' dir='ltr'><strong>secunda</strong></span> <span class='ocrx_word' id='word_1_232' title='bbox 1270 3128 1378 3180; x_wconf 87' lang='lat' dir='ltr'><strong>solutio</strong></span> <span class='ocrx_word' id='word_1_233' title='bbox 1396 3136 1425 3178; x_wconf 86' lang='lat' dir='ltr'><strong>et</strong></span> <span class='ocrx_word' id='word_1_234' title='bbox 1441 3122 1622 3182; x_wconf 77' lang='lat' dir='ltr'><strong>forisfactura</strong></span> <span class='ocrx_word' id='word_1_235' title='bbox 1641 3129 1691 3184; x_wconf 77' lang='lat' dir='ltr'><strong>&amp;c</strong></span> <span class='ocrx_word' id='word_1_236' title='bbox 1707 3133 1745 3188; x_wconf 90' lang='lat' dir='ltr'><strong>D.</strong></span> 
     </span>
     <span class='ocr_line' id='line_1_23' title="bbox 232 3219 929 3291; baseline 0.001 -19"><span class='ocrx_word' id='word_1_237' title='bbox 232 3219 262 3288; x_wconf 90' lang='lat'><strong>7)</strong></span> <span class='ocrx_word' id='word_1_238' title='bbox 296 3224 391 3286; x_wconf 69' lang='lat' dir='ltr'><strong>quise</strong></span> <span class='ocrx_word' id='word_1_239' title='bbox 410 3223 436 3272; x_wconf 72' lang='grc' dir='ltr'><strong>οἱ</strong></span> <span class='ocrx_word' id='word_1_240' title='bbox 451 3223 499 3291; x_wconf 84' lang='lat' dir='ltr'><strong>qui</strong></span> <span class='ocrx_word' id='word_1_241' title='bbox 513 3239 574 3272; x_wconf 83' lang='lat' dir='ltr'><strong>eam</strong></span> <span class='ocrx_word' id='word_1_242' title='bbox 592 3219 643 3274; x_wconf 73' lang='lat' dir='ltr'><strong>dte.</strong></span> <span class='ocrx_word' id='word_1_243' title='bbox 928 3231 929 3236; x_wconf 78' lang='grc'>’</span> 
     </span>
     <span class='ocr_line' id='line_1_24' title="bbox 231 3311 1778 3391; baseline 0.008 -25"><span class='ocrx_word' id='word_1_244' title='bbox 231 3315 261 3380; x_wconf 88' lang='grc'>8)</span> <span class='ocrx_word' id='word_1_245' title='bbox 297 3327 462 3382; x_wconf 76' lang='lat' dir='ltr'><strong>guarentem</strong></span> <span class='ocrx_word' id='word_1_246' title='bbox 481 3314 517 3381; x_wconf 79' lang='lat' dir='ltr'><strong>H.</strong></span> <span class='ocrx_word' id='word_1_247' title='bbox 534 3325 604 3368; x_wconf 85' lang='lat' dir='ltr'><strong>tuuc</strong></span> <span class='ocrx_word' id='word_1_248' title='bbox 621 3317 705 3368; x_wconf 86' lang='lat' dir='ltr'><strong>liceat</strong></span> <span class='ocrx_word' id='word_1_249' title='bbox 722 3315 789 3368; x_wconf 88' lang='lat' dir='ltr'><strong>inde</strong></span> <span class='ocrx_word' id='word_1_250' title='bbox 806 3326 851 3368; x_wconf 87' lang='lat' dir='ltr'><strong>ter</strong></span> <span class='ocrx_word' id='word_1_251' title='bbox 868 3315 1002 3370; x_wconf 78' lang='lat' dir='ltr'><strong>advocari</strong></span> <span class='ocrx_word' id='word_1_252' title='bbox 1023 3328 1051 3370; x_wconf 89' lang='lat' dir='ltr'><strong>et</strong></span> <span class='ocrx_word' id='word_1_253' title='bbox 1070 3327 1168 3384; x_wconf 78' lang='lat' dir='ltr'><strong>quartu</strong></span> <span class='ocrx_word' id='word_1_254' title='bbox 1186 3321 1249 3370; x_wconf 77' lang='lat' dir='ltr'><strong>viee</strong></span> <span class='ocrx_word' id='word_1_255' title='bbox 1267 3311 1406 3384; x_wconf 83' lang='lat' dir='ltr'><strong>probetur</strong></span> <span class='ocrx_word' id='word_1_256' title='bbox 1423 3327 1473 3369; x_wconf 83' lang='lat' dir='ltr'><strong>eut</strong></span> <span class='ocrx_word' id='word_1_257' title='bbox 1490 3316 1624 3372; x_wconf 86' lang='lat' dir='ltr'><strong>reddetur</strong></span> <span class='ocrx_word' id='word_1_258' title='bbox 1641 3324 1678 3386; x_wconf 88' lang='lat' dir='ltr'><strong>ei,</strong></span> <span class='ocrx_word' id='word_1_259' title='bbox 1696 3323 1778 3391; x_wconf 82' lang='lat' dir='ltr'><strong>euius</strong></span> 
     </span>
     <span class='ocr_line' id='line_1_25' title="bbox 329 3408 621 3466; baseline -0.003 -5"><span class='ocrx_word' id='word_1_260' title='bbox 329 3415 393 3464; x_wconf 84' lang='lat' dir='ltr'><strong>erit.</strong></span> <span class='ocrx_word' id='word_1_261' title='bbox 412 3408 501 3460; x_wconf 88' lang='lat' dir='ltr'><strong>Nobis</strong></span> <span class='ocrx_word' id='word_1_262' title='bbox 521 3409 570 3462; x_wconf 72' lang='lat' dir='ltr'><strong>dte.</strong></span> <span class='ocrx_word' id='word_1_263' title='bbox 589 3408 621 3466; x_wconf 86' lang='lat' dir='ltr'><strong>B.</strong></span> 
     </span>
     <span class='ocr_line' id='line_1_26' title="bbox 233 3503 1648 3576; baseline 0.003 -18"><span class='ocrx_word' id='word_1_264' title='bbox 233 3508 261 3576; x_wconf 84' lang='lat'><strong>9)</strong></span> <span class='ocrx_word' id='word_1_265' title='bbox 297 3509 416 3558; x_wconf 85' lang='lat' dir='ltr'><strong>tertium</strong></span> <span class='ocrx_word' id='word_1_266' title='bbox 434 3503 527 3558; x_wconf 87' lang='lat' dir='ltr'><strong>edhuc</strong></span> <span class='ocrx_word' id='word_1_267' title='bbox 545 3511 645 3558; x_wconf 89' lang='lat' dir='ltr'><strong>tertius</strong></span> <span class='ocrx_word' id='word_1_268' title='bbox 665 3511 747 3564; x_wconf 76' lang='lat' dir='ltr'><strong>uocet</strong></span> <span class='ocrx_word' id='word_1_269' title='bbox 763 3505 800 3558; x_wconf 88' lang='grc' dir='ltr'><strong>Η.</strong></span> <span class='ocrx_word' id='word_1_270' title='bbox 818 3534 853 3546; x_wconf 94' lang='grc'>-</span> <span class='ocrx_word' id='word_1_271' title='bbox 870 3509 973 3560; x_wconf 78' lang='lat' dir='ltr'><strong>Sensus</strong></span> <span class='ocrx_word' id='word_1_272' title='bbox 988 3507 1090 3560; x_wconf 82' lang='lat' dir='ltr'><strong>clarior</strong></span> <span class='ocrx_word' id='word_1_273' title='bbox 1104 3509 1251 3573; x_wconf 81' lang='lat' dir='ltr'><strong>evaderet,</strong></span> <span class='ocrx_word' id='word_1_274' title='bbox 1275 3507 1302 3558; x_wconf 75' lang='grc' dir='ltr'><strong>ιε’</strong></span> <span class='ocrx_word' id='word_1_275' title='bbox 1316 3505 1472 3576; x_wconf 79' lang='lat' dir='ltr'><strong>legeretur:</strong></span> <span class='ocrx_word' id='word_1_276' title='bbox 1498 3507 1648 3564; x_wconf 70' lang='lat' dir='ltr'><strong>secundun.</strong></span> 
     </span>
     <span class='ocr_line' id='line_1_27' title="bbox 216 3600 400 3670; baseline -0.022 -15"><span class='ocrx_word' id='word_1_277' title='bbox 216 3605 259 3668; x_wconf 89' lang='grc' dir='ltr'>ιο)</span> <span class='ocrx_word' id='word_1_278' title='bbox 296 3605 347 3670; x_wconf 88' lang='lat' dir='ltr'><strong>qui</strong></span> <span class='ocrx_word' id='word_1_279' title='bbox 364 3600 400 3652; x_wconf 91' lang='grc' dir='ltr'><strong>Η.</strong></span> 
     </span>
     <span class='ocr_line' id='line_1_28' title="bbox 218 3695 1575 3767; baseline 0.001 -17"><span class='ocrx_word' id='word_1_280' title='bbox 218 3701 262 3765; x_wconf 91' lang='grc' dir='ltr'>ιι)</span> <span class='ocrx_word' id='word_1_281' title='bbox 299 3695 419 3767; x_wconf 85' lang='lat' dir='ltr'><strong>probare</strong></span> <span class='ocrx_word' id='word_1_282' title='bbox 437 3707 554 3765; x_wconf 85' lang='lat' dir='ltr'><strong>cogetur</strong></span> <span class='ocrx_word' id='word_1_283' title='bbox 572 3695 624 3748; x_wconf 90' lang='lat' dir='ltr'><strong>ubi</strong></span> <span class='ocrx_word' id='word_1_284' title='bbox 641 3701 836 3750; x_wconf 84' lang='lat' dir='ltr'><strong>testimonium</strong></span> <span class='ocrx_word' id='word_1_285' title='bbox 854 3707 942 3750; x_wconf 90' lang='lat' dir='ltr'><strong>estet</strong></span> <span class='ocrx_word' id='word_1_286' title='bbox 963 3701 1099 3764; x_wconf 85' lang='lat' dir='ltr'><strong>cognitio,</strong></span> <span class='ocrx_word' id='word_1_287' title='bbox 1118 3696 1195 3764; x_wconf 89' lang='lat' dir='ltr'><strong>quod</strong></span> <span class='ocrx_word' id='word_1_288' title='bbox 1214 3695 1256 3750; x_wconf 88' lang='lat' dir='ltr'><strong>ibi</strong></span> <span class='ocrx_word' id='word_1_289' title='bbox 1275 3697 1355 3749; x_wconf 73' lang='lat' dir='ltr'><strong>hrode</strong></span> <span class='ocrx_word' id='word_1_290' title='bbox 1371 3701 1411 3750; x_wconf 86' lang='lat' dir='ltr'><strong>sit</strong></span> <span class='ocrx_word' id='word_1_291' title='bbox 1428 3709 1457 3752; x_wconf 89' lang='lat' dir='ltr'><strong>et</strong></span> <span class='ocrx_word' id='word_1_292' title='bbox 1475 3697 1525 3757; x_wconf 76' lang='lat' dir='ltr'><strong>dte.</strong></span> <span class='ocrx_word' id='word_1_293' title='bbox 1543 3698 1575 3752; x_wconf 89' lang='lat' dir='ltr'><strong>B.</strong></span> 
     </span>
     <span class='ocr_line' id='line_1_29' title="bbox 219 3791 1637 3862; baseline 0 -16"><span class='ocrx_word' id='word_1_294' title='bbox 219 3796 264 3862; x_wconf 78' lang='grc' dir='ltr'>ιι)</span> <span class='ocrx_word' id='word_1_295' title='bbox 298 3795 438 3862; x_wconf 79' lang='lat' dir='ltr'><strong>propiare,</strong></span> <span class='ocrx_word' id='word_1_296' title='bbox 457 3791 509 3844; x_wconf 86' lang='lat' dir='ltr'><strong>ubi</strong></span> <span class='ocrx_word' id='word_1_297' title='bbox 525 3795 718 3845; x_wconf 85' lang='lat' dir='ltr'><strong>testimonium</strong></span> <span class='ocrx_word' id='word_1_298' title='bbox 735 3803 777 3846; x_wconf 87' lang='lat' dir='ltr'><strong>est</strong></span> <span class='ocrx_word' id='word_1_299' title='bbox 795 3802 823 3844; x_wconf 89' lang='lat' dir='ltr'><strong>et</strong></span> <span class='ocrx_word' id='word_1_300' title='bbox 842 3793 977 3859; x_wconf 81' lang='lat' dir='ltr'><strong>cognosci</strong></span> <span class='ocrx_word' id='word_1_301' title='bbox 993 3803 1095 3860; x_wconf 87' lang='lat' dir='ltr'><strong>potest,</strong></span> <span class='ocrx_word' id='word_1_302' title='bbox 1115 3791 1253 3860; x_wconf 87' lang='lat' dir='ltr'><strong>quodibi</strong></span> <span class='ocrx_word' id='word_1_303' title='bbox 1273 3792 1352 3846; x_wconf 77' lang='lat' dir='ltr'><strong>inde</strong></span> <span class='ocrx_word' id='word_1_304' title='bbox 1370 3797 1407 3846; x_wconf 88' lang='lat' dir='ltr'><strong>sit</strong></span> <span class='ocrx_word' id='word_1_305' title='bbox 1428 3806 1456 3847; x_wconf 89' lang='lat' dir='ltr'><strong>et</strong></span> <span class='ocrx_word' id='word_1_306' title='bbox 1475 3793 1526 3848; x_wconf 78' lang='lat' dir='ltr'><strong>dte.</strong></span> <span class='ocrx_word' id='word_1_307' title='bbox 1543 3795 1578 3849; x_wconf 89' lang='lat' dir='ltr'><strong>D.</strong></span> <span class='ocrx_word' id='word_1_308' title='bbox 1633 3853 1637 3860; x_wconf 29' lang='lat'><strong>⁴</strong></span> 
     </span>
     <span class='ocr_line' id='line_1_30' title="bbox 218 3885 1659 3958; baseline 0 -16"><span class='ocrx_word' id='word_1_309' title='bbox 218 3890 261 3948; x_wconf 69' lang='grc' dir='ltr'>ιδ)</span> <span class='ocrx_word' id='word_1_310' title='bbox 298 3902 382 3939; x_wconf 83' lang='lat' dir='ltr'><strong>uerno</strong></span> <span class='ocrx_word' id='word_1_311' title='bbox 400 3886 473 3940; x_wconf 89' lang='lat' dir='ltr'><strong>illud</strong></span> <span class='ocrx_word' id='word_1_312' title='bbox 492 3887 613 3954; x_wconf 81' lang='lat' dir='ltr'><strong>probare</strong></span> <span class='ocrx_word' id='word_1_313' title='bbox 632 3887 733 3940; x_wconf 87' lang='lat' dir='ltr'><strong>debeet</strong></span> <span class='ocrx_word' id='word_1_314' title='bbox 751 3899 815 3940; x_wconf 84' lang='lat' dir='ltr'><strong>ense</strong></span> <span class='ocrx_word' id='word_1_315' title='bbox 834 3902 886 3940; x_wconf 83' lang='lat' dir='ltr'><strong>sert</strong></span> <span class='ocrx_word' id='word_1_316' title='bbox 904 3885 954 3940; x_wconf 73' lang='lat' dir='ltr'><strong>isc.</strong></span> <span class='ocrx_word' id='word_1_317' title='bbox 971 3885 1004 3942; x_wconf 90' lang='lat' dir='ltr'><strong>B.</strong></span> <span class='ocrx_word' id='word_1_318' title='bbox 1204 3888 1248 3954; x_wconf 79' lang='lat'><strong>14)</strong></span> <span class='ocrx_word' id='word_1_319' title='bbox 1289 3885 1416 3958; x_wconf 70' lang='lat' dir='ltr'><strong>furatum</strong></span> <span class='ocrx_word' id='word_1_320' title='bbox 1433 3887 1466 3941; x_wconf 89' lang='grc' dir='ltr'><strong>Β.</strong></span> <span class='ocrx_word' id='word_1_321' title='bbox 1484 3887 1510 3942; x_wconf 74' lang='lat' dir='ltr'><strong>sc</strong></span> <span class='ocrx_word' id='word_1_322' title='bbox 1528 3907 1578 3945; x_wconf 85' lang='lat' dir='ltr'><strong>om.</strong></span> <span class='ocrx_word' id='word_1_323' title='bbox 1597 3897 1659 3942; x_wconf 83' lang='lat' dir='ltr'><strong>coet.</strong></span> 
     </span>
     <span class='ocr_line' id='line_1_31' title="bbox 218 3979 1724 4051; baseline -0.001 -15"><span class='ocrx_word' id='word_1_324' title='bbox 218 3983 263 4051; x_wconf 71' lang='grc' dir='ltr'>ιδ)</span> <span class='ocrx_word' id='word_1_325' title='bbox 298 3979 359 4036; x_wconf 81' lang='lat' dir='ltr'><strong>Lex</strong></span> <span class='ocrx_word' id='word_1_326' title='bbox 377 3983 561 4051; x_wconf 75' lang='lat' dir='ltr'><strong>calumpniari</strong></span> <span class='ocrx_word' id='word_1_327' title='bbox 578 3981 613 4034; x_wconf 89' lang='lat' dir='ltr'><strong>de</strong></span> <span class='ocrx_word' id='word_1_328' title='bbox 630 3980 721 4034; x_wconf 85' lang='lat' dir='ltr'><strong>furto.</strong></span> <span class='ocrx_word' id='word_1_329' title='bbox 738 3982 777 4034; x_wconf 87' lang='lat' dir='ltr'><strong>H.</strong></span> <span class='ocrx_word' id='word_1_330' title='bbox 1722 4031 1724 4035; x_wconf 80' lang='grc'>,</span> 
     </span>
     <span class='ocr_line' id='line_1_32' title="bbox 218 4073 1780 4147; baseline 0.001 -17"><span class='ocrx_word' id='word_1_331' title='bbox 218 4078 263 4144; x_wconf 83' lang='lat'><strong>16)</strong></span> <span class='ocrx_word' id='word_1_332' title='bbox 298 4076 336 4130; x_wconf 90' lang='lat' dir='ltr'><strong>D.</strong></span> <span class='ocrx_word' id='word_1_333' title='bbox 354 4093 498 4145; x_wconf 80' lang='lat' dir='ltr'><strong>om.saepe.</strong></span> <span class='ocrx_word' id='word_1_334' title='bbox 515 4075 654 4128; x_wconf 84' lang='lat' dir='ltr'><strong>-suerit</strong></span> <span class='ocrx_word' id='word_1_335' title='bbox 672 4075 898 4130; x_wconf 80' lang='lat' dir='ltr'><strong>accusationibus</strong></span> <span class='ocrx_word' id='word_1_336' title='bbox 915 4073 1066 4132; x_wconf 82' lang='lat' dir='ltr'><strong>ittiemetus</strong></span> <span class='ocrx_word' id='word_1_337' title='bbox 1087 4089 1116 4132; x_wconf 87' lang='lat' dir='ltr'><strong>et</strong></span> <span class='ocrx_word' id='word_1_338' title='bbox 1133 4077 1241 4147; x_wconf 87' lang='lat' dir='ltr'><strong>populo</strong></span> <span class='ocrx_word' id='word_1_339' title='bbox 1257 4077 1431 4132; x_wconf 85' lang='lat' dir='ltr'><strong>incredibilis</strong></span> <span class='ocrx_word' id='word_1_340' title='bbox 1451 4090 1479 4131; x_wconf 88' lang='lat' dir='ltr'><strong>et</strong></span> <span class='ocrx_word' id='word_1_341' title='bbox 1497 4078 1556 4130; x_wconf 83' lang='lat' dir='ltr'><strong>haec</strong></span> <span class='ocrx_word' id='word_1_342' title='bbox 1572 4076 1661 4144; x_wconf 67' lang='lat' dir='ltr'><strong>(isici)</strong></span> <span class='ocrx_word' id='word_1_343' title='bbox 1678 4076 1780 4146; x_wconf 84' lang='lat' dir='ltr'><strong>placite</strong></span> 
     </span>
     <span class='ocr_line' id='line_1_33' title="bbox 329 4169 1148 4240; baseline 0.002 -18"><span class='ocrx_word' id='word_1_344' title='bbox 329 4183 373 4224; x_wconf 88' lang='lat' dir='ltr'><strong>ter</strong></span> <span class='ocrx_word' id='word_1_345' title='bbox 391 4171 598 4240; x_wconf 83' lang='lat' dir='ltr'><strong>subterfugerit</strong></span> <span class='ocrx_word' id='word_1_346' title='bbox 616 4169 666 4224; x_wconf 79' lang='lat' dir='ltr'><strong>dte.</strong></span> <span class='ocrx_word' id='word_1_347' title='bbox 685 4171 719 4224; x_wconf 85' lang='lat' dir='ltr'><strong>B.</strong></span> <span class='ocrx_word' id='word_1_348' title='bbox 1144 4221 1148 4231; x_wconf 75' lang='grc'>,</span> 
     </span>
     <span class='ocr_line' id='line_1_34' title="bbox 108 4265 1372 4340; baseline -0.003 -17"><span class='ocrx_word' id='word_1_349' title='bbox 108 4303 111 4314; x_wconf 64' lang='grc'><strong>.</strong></span> <span class='ocrx_word' id='word_1_350' title='bbox 215 4271 264 4340; x_wconf 71' lang='grc' dir='ltr'>ιγ)</span> <span class='ocrx_word' id='word_1_351' title='bbox 299 4267 450 4321; x_wconf 84' lang='lat' dir='ltr'><strong>hundredo</strong></span> <span class='ocrx_word' id='word_1_352' title='bbox 468 4278 512 4318; x_wconf 85' lang='lat' dir='ltr'><strong>ter</strong></span> <span class='ocrx_word' id='word_1_353' title='bbox 535 4277 652 4320; x_wconf 81' lang='lat' dir='ltr'><strong>rosetus</strong></span> <span class='ocrx_word' id='word_1_354' title='bbox 672 4265 720 4323; x_wconf 79' lang='lat' dir='ltr'><strong>dte.</strong></span> <span class='ocrx_word' id='word_1_355' title='bbox 736 4265 773 4318; x_wconf 87' lang='lat' dir='ltr'><strong>H.</strong></span> <span class='ocrx_word' id='word_1_356' title='bbox 789 4267 892 4336; x_wconf 81' lang='lat' dir='ltr'><strong>placite</strong></span> <span class='ocrx_word' id='word_1_357' title='bbox 910 4277 954 4320; x_wconf 88' lang='lat' dir='ltr'><strong>ter</strong></span> <span class='ocrx_word' id='word_1_358' title='bbox 971 4277 1088 4320; x_wconf 81' lang='lat' dir='ltr'><strong>vocatus</strong></span> <span class='ocrx_word' id='word_1_359' title='bbox 1112 4266 1317 4336; x_wconf 79' lang='lat' dir='ltr'><strong>subterfugerit</strong></span> <span class='ocrx_word' id='word_1_360' title='bbox 1334 4267 1372 4322; x_wconf 88' lang='lat' dir='ltr'><strong>D.</strong></span> 
     </span>
     <span class='ocr_line' id='line_1_35' title="bbox 217 4341 1780 4433; baseline 0 -15"><span class='ocrx_word' id='word_1_361' title='bbox 217 4367 262 4432; x_wconf 81' lang='grc' dir='ltr'>ιβ)</span> <span class='ocrx_word' id='word_1_362' title='bbox 294 4365 408 4433; x_wconf 85' lang='lat' dir='ltr'><strong>plegios</strong></span> <span class='ocrx_word' id='word_1_363' title='bbox 427 4379 461 4414; x_wconf 81' lang='lat' dir='ltr'><strong>st</strong></span> <span class='ocrx_word' id='word_1_364' title='bbox 472 4349 664 4430; x_wconf 79' lang='lat' dir='ltr'><strong>fidejussores.</strong></span> <span class='ocrx_word' id='word_1_365' title='bbox 784 4363 827 4431; x_wconf 67' lang='grc' dir='ltr'>ις)</span> <span class='ocrx_word' id='word_1_366' title='bbox 864 4371 1066 4430; x_wconf 77' lang='lat' dir='ltr'><strong>exsuperetur,</strong></span> <span class='ocrx_word' id='word_1_367' title='bbox 1080 4365 1155 4415; x_wconf 85' lang='lat' dir='ltr'><strong>siout</strong></span> <span class='ocrx_word' id='word_1_368' title='bbox 1171 4365 1342 4417; x_wconf 75' lang='lat' dir='ltr'><strong>alterutrum</strong></span> <span class='ocrx_word' id='word_1_369' title='bbox 1360 4367 1473 4432; x_wconf 86' lang='lat' dir='ltr'><strong>poterit,</strong></span> <span class='ocrx_word' id='word_1_370' title='bbox 1492 4368 1552 4419; x_wconf 78' lang='lat' dir='ltr'><strong>sire</strong></span> <span class='ocrx_word' id='word_1_371' title='bbox 1570 4367 1656 4420; x_wconf 74' lang='lat' dir='ltr'><strong>vitus</strong></span> <span class='ocrx_word' id='word_1_372' title='bbox 1675 4362 1724 4418; x_wconf 78' lang='lat' dir='ltr'><strong>&amp;n</strong></span> <span class='ocrx_word' id='word_1_373' title='bbox 1745 4341 1780 4419; x_wconf 78' lang='lat' dir='ltr'><strong>ll.</strong></span> 
     </span>
    </p>
   </div>
   <div class='ocr_carea' id='block_1_6' title="bbox 0 0 2063 5106">
    <p class='ocr_par' dir='ltr' id='par_1_7' title="bbox 0 0 2063 5106">
     <span class='ocr_line' id='line_1_36' title="bbox 0 0 2063 5106; baseline 0 0"><span class='ocrx_word' id='word_1_374' title='bbox 0 0 2063 5106; x_wconf 95' lang='lat' dir='ltr'><strong> </strong></span> 
     </span>
    </p>
   </div>
  </div>
 </body>
</html>
