4034 5124
610 539 671 616 ιι.
697 531 772 629 (19.
797 523 872 627 ιι.)
921 535 985 608 m
1011 533 1114 606 aaa
1140 523 1481 605 communicarant.
1516 501 1526 524 “
1568 537 1581 546 ·’

271 695 276 704 ·
383 665 576 738 Faciamne
592 664 625 765 ¹)
651 669 761 741 etiam
787 655 891 742 sicot·
887 665 1009 740 mohin
1035 669 1201 762 expedit,
1229 658 1475 762 p'rcepaiemaia
1489 672 1650 737 amaret
1655 665 1782 757 ipim,
1807 674 1850 736 et

250 796 340 868 telee
370 819 439 872 noa
471 799 722 894 exhibeamur,
774 811 817 875 ut
842 801 969 876 ealtem
996 809 1053 874 ter
1075 802 1114 874 in
1142 819 1238 936 anno
1265 801 1444 895 poeoimna
1467 797 1737 938 communicari
1758 803 1846 870 c'cr-

249 931 329 1023 pcri
355 942 393 1004 et
415 934 579 1027 eangvini
603 933 762 1008 Domini
828 954 846 988 ι

285 1811 312 1875 ι)
347 1805 521 1886 Quicunque
539 1813 734 1884 Chrietieuua,
765 1819 841 1874 elcut
858 1833 925 1874 rare
945 1819 1136 1905 necessarlum
1155 1827 1213 1883 ιιι,
1249 1813 1362 1908 dignam
1381 1815 1581 1872 christianitati
1598 1831 1650 1872 ena
1670 1833 1766 1872 curam
1782 1771 1836 1870 iaaa-

379 1915 499 1984 pendat,
534 1930 563 1974 et
580 1920 616 1974 ad
633 1925 848 1993 perceptionem
866 1897 1074 1980 communicata
1094 1895 1237 1978 dominice
1254 1920 1415 1973 termitem
1433 1901 1479 1974 in
1481 1935 1555 1974 anuo
1574 1935 1604 1973 aa
1623 1931 1768 1990 preparet,
1803 1931 1837 1972 ιιι

378 2033 438 2069 non
455 2019 511 2073 hoc
534 2021 569 2075 ad
597 2021 753 2090 judicium,
773 2022 821 2075 aed
839 2021 875 2075 ad
893 2023 1050 2077 remedium
1067 2023 1190 2077 ealutare
1207 2020 1374 2084 manducet,
1397 2031 1429 2073 ιι
1446 2025 1575 2092 quiaquia
1595 2025 1702 2074 amictae
1720 2019 1766 2074 dei
1782 2031 1833 2084 ιιι,

381 2116 475 2173 verbio
501 2131 530 2174 et
555 2121 691 2190 operibus
709 2123 911 2176 rectitudinem
928 2121 1052 2191 flagitet,
1088 2122 1182 2177 fidem
1199 2134 1227 2176 et
1244 2133 1416 2177 sacramenta
1434 2136 1516 2183 caute
1534 2121 1683 2176 custodiat.
1736 2116 1846 2192 Omnir'

379 2221 526 2288 injusticia
544 2223 578 2275 de
592 2221 698 2285 linibus
716 2229 831 2293 nostris,
849 2231 985 2292 quantum
1002 2243 1162 2296 pontumue,
1179 2225 1340 2294 expellatur
1358 2235 1386 2278 et
1404 2225 1451 2279 dei
1469 2227 1613 2294 justiciam
1632 2223 1714 2278 dictio
1733 2237 1761 2277 ιι
1777 2217 1835 2278 lac·

379 2325 416 2374 tie
434 2321 566 2393 deinceps
587 2325 797 2394 amplectemur.
853 2317 936 2380 Tunc
960 2330 1021 2380 eina
1039 2326 1262 2382 mirericordiam
1279 2329 1461 2394 propitiatiua
1478 2313 1701 2394 impetrabimus.
1753 2324 1835 2396 (Cap.

381 2441 424 2482 no.
441 2426 480 2482 A.
505 2427 549 2480 dia
572 2421 698 2497 incipit)
757 2427 898 2522 Tempore
924 2427 1012 2498 (Item
1028 2428 1079 2501 Β.)
1106 2427 1258 2492 iaciamus,
1293 2431 1376 2480 elcut
1395 2427 1487 2480 adhu'c
1510 2427 1676 2496 persuaderi
1692 2430 1862 2484 volumui..

380 2524 476 2580 Simus
502 2528 623 2582 dominia
650 2533 754 2584 nostrie
779 2547 831 2600 per
858 2535 953 2584 omnia
977 2519 1076 2585 fidele‘e
1102 2541 1131 2608 ιι
1158 2524 1308 2584 credibiles
1336 2540 1366 2582 ιι
1383 2529 1483 2582 e'orlini
1501 2528 1621 2598 gloriam
1639 2535 1707 2584 totia
1723 2529 1831 2584 viribus

379 2629 537 2682 exaltemur
563 2641 592 2684 ιι
618 2633 694 2686 uelle
722 2631 873 2697 iaciamus,
907 2635 976 2701 qula
1002 2599 1141 2704 quicquid
1166 2646 1218 2702 pro
1244 2643 1320 2702 recta
1344 2631 1524 2684 dominorum
1549 2621 1687 2684 fidelitate
1713 2631 1830 2686 lecimus

381 2725 430 2798 (B.
447 2731 512 2786 cdd.
532 2732 566 2805 ad
583 2746 713 2801 magnam
730 2732 814 2786 nobie
832 2735 986 2786 utilitatem
1005 2733 1158 2807 faciemus)
1177 2745 1206 2787 ιι
1223 2739 1349 2786 acientcr'
1364 2733 1491 2786 deueilli
1508 2727 1601 2786 fidelis
1620 2744 1677 2796 eat,
1712 2729 1763 2801 qui
1782 2734 1831 2786 dc-

379 2835 457 2886 mino
482 2852 535 2888 suo
560 2833 654 2889 fidelia
673 2847 715 2888 ιιι
732 2843 828 2899 recte,
846 2847 880 2889 *et
896 2827 1185 2904 urricuique'domino
1204 2851 1336 2904 magnum
1356 2852 1428 2905 opus
1446 2845 1504 2902 ιιι,
1538 2845 1572 2886 nt
1586 2833 1731 2888 hominem
1748 2851 1829 2890 annm

357 2945 455 2990 .recte
475 2935 605 2991 deducat·
647 2939 726 3010 (cap.
746 2957 789 2992 ιι.
806 2938 857 3008 Ἀ.)
904 2931 1011 2994 Οιιιιιιι
1032 2937 1207 2992 Chriatianoa
1224 2939 1324 2992 sedulo
1343 2950 1578 3012 commonemur,
1604 2945 1637 2988 ιιι
1655 2951 1729 3004 puro
1746 2938 1830 2990 corda

378 3053 489 3108 temper
507 3039 593 3094 deum
610 3041 729 3110 diligant
747 3052 775 3094 ιι
791 3042 932 3096 catholice
949 3042 1161 3096 christianitatie
1179 3040 1249 3095 fidei
1267 3042 1352 3109 digne
1370 3045 1510 3106 serviant,
1534 3041 1636 3091 sanctio
1654 3041 1767 3105 (aanctae
1783 3037 1829 3106 B.)
1871 3103 1875 3107 ,

378 3143 496 3194 ecclesia
514 3141 679 3195 doctoribus
697 3144 800 3196 devote
816 3155 941 3210 pareant,
963 3144 1010 3196 dai
1027 3145 1105 3210 leger
1124 3154 1153 3195 ιι
1171 3143 1326 3196 doctrinam
1344 3141 1487 3194 subtiliter
1504 3139 1641 3208 (fideliter
1655 3136 1698 3207 S.)
1711 3145 1830 3194 inverti-

316 3224 319 3230 *
379 3252 448 3310 gent
463 3257 574 3310 eemper
590 3254 619 3296 et
635 3244 747 3298 aaaidne
765 3242 880 3298 sibimet
895 3243 931 3298 ad
949 3245 1110 3298 utilitatem.
1120 3245 1206 3314 ⁸(Cap.
1220 3261 1264 3300 22.
1277 3246 1327 3303 A.)
1344 3243 1381 3296 Et
1398 3245 1490 3298 omnia
1508 3240 1684 3293 Chriatienna
1698 3241 1828 3306 addicent,

282 3395 286 3402 ,
378 3355 412 3396 ιιι
428 3343 527 3395 aaltem
544 3361 611 3396 eane
629 3343 698 3396 fidei
713 3351 817 3398 rectam
834 3347 1053 3414 intelligentiam
1069 3343 1173 3398 habeat
1191 3356 1219 3398 ιι
1236 3350 1305 3398 eciat
1318 3343 1403 3396 Pater
1416 3343 1518 3396 Noster
1531 3339 1555 3394 ic
1568 3340 1659 3396 Credo
1676 3347 1709 3396 ln
1725 3343 1826 3409 Deum,

379 3448 447 3512 quia
466 3460 519 3512 per
535 3445 608 3497 illud
627 3445 711 3498 deum
729 3461 897 3511 exoramur,
919 3463 971 3516 per
988 3446 1063 3500 illud
1082 3447 1170 3508 (aliud
1190 3443 1233 3507 Β.)
1252 3456 1355 3499 rectam
1373 3443 1460 3512 fidem
1477 3443 1659 3514 declaramus,
1699 3443 1826 3520 Chriatue

323 3537 326 3544 ⁴
377 3549 440 3615 ipae
457 3549 566 3614 primur
581 3547 655 3598 hanc
673 3551 831 3601 orationem
848 3549 970 3618 protulit
989 3558 1018 3601 et
1036 3547 1191 3615 discipulae
1208 3563 1276 3600 euoa
1294 3545 1409 3612 docuit,
1426 3550 1458 3598 in
1476 3562 1532 3614 qna
1549 3558 1657 3616 neptem
1675 3553 1826 3616 petitionee

377 3651 454 3714 aunt,
472 3660 501 3702 ιι
518 3651 648 3718 quiaquir
662 3647 792 3720 (quando
804 3654 868 3717 quie
879 3645 929 3720 B.)
947 3665 1008 3703 eam
1024 3651 1125 3702 intiauo
1144 3647 1228 3701 corde
1249 3647 1379 3712 cantabit,
1394 3663 1459 3701 eum
1476 3651 1540 3717 ipeo
1559 3647 1612 3700 deo
1629 3649 1741 3716 agitde
1759 3667 1827 3719 qua·

377 3766 491 3820 cunque
515 3757 682 3806 neceeaitata
710 3755 770 3829 rita
783 3725 933 3821 'precantia
958 3763 988 3804 ιι
1002 3739 1119 3830 ¹lutare·
1171 3749 1230 3806 Sed
1254 3749 1398 3830 quomode
1424 3761 1519 3820 porcat
1536 3752 1639 3822 aliquia
1659 3751 1773 3819 devotae
1790 3752 1825 3806 ad

377 3855 463 3907 deum
479 3869 577 3924 preces
595 3851 754 3919 effundere,
771 3858 822 3922 qui
840 3870 899 3907 non
916 3853 1003 3908 habet
1020 3858 1120 3908 intime
1138 3864 1244 3906 rectam
1260 3851 1346 3906 fidem
1363 3855 1471 3913 ineo?
1488 3853 1553 3906 Non
1570 3852 1657 3906 habet
1674 3871 1741 3908 eane
1761 3865 1826 3925 poet

375 3959 527 4010 tramitum
551 3957 615 4024 ejue
639 3960 807 4025 petitionem
831 3961 1007 4024 (porcionem
1023 3955 1068 4018 B.)
1086 3956 1210 4022 aliquam
1227 3971 1292 4008 cum
1310 3954 1471 4010 christiania
1489 3959 1520 4008 in
1538 3961 1637 4022 requie
1654 3947 1824 4011 sanctorum.

377 4057 438 4114 Nec
465 4068 560 4111 nancta
586 4061 785 4112 communione
810 4057 988 4125 dignorem,
1022 4073 1076 4110 nec
1094 4072 1161 4110 rare
1180 4055 1351 4111 chriatianne
1368 4056 1532 4122 habendae,
1567 4059 1622 4122 qui
1635 4071 1696 4109 non
1710 4060 1824 4112 micea

377 4159 456 4228 (eam
474 4157 524 4230 B.)
543 4161 670 4224 diacere,
688 4175 741 4213 nec
758 4159 793 4212 ad
811 4162 969 4230 eumjueta
987 4163 1119 4228 pertinet,
1138 4159 1262 4225 aliquem
1280 4162 1311 4210 in
1328 4171 1424 4212 nancto
1442 4157 1580 4226 haptiemo
1598 4161 1751 4224 succipere,
1769 4173 1823 4214 nec

377 4259 421 4330 (S.
439 4263 506 4317 add.
523 4262 552 4332 a)
573 4261 702 4316 manibus
719 4260 770 4332 (ad
786 4278 886 4316 manue
903 4259 951 4330 B.)
977 4264 1105 4330 epiceopi
1128 4262 1159 4312 in
1184 4258 1399 4314 confirmatione
1420 4270 1449 4314 ιι
1466 4258 1579 4312 datione
1596 4237 1714 4327 epiritua
1731 4267 1821 4316 tancti

308 4432 311 4438 .
376 4361 424 4432 (ti.
441 4360 511 4418 edd·
527 4369 654 4442 tenere),
672 4375 822 4434 antequam
838 4362 912 4418 bana
928 4367 1000 4420 aciat
1016 4379 1049 4418 ea
1066 4358 1145 4433 (eam
1160 4359 1210 4432 B.)
1228 4361 1264 4416 D.
1278 4359 1310 4417 B.
1329 4359 1360 4417 S·
1415 4383 1429 4394 ¹⁴
1453 4380 1457 4390 ·
