4034 5124
256 589 262 596 ,
762 579 765 587 .
810 518 845 601 6·
895 510 963 610 (32)
987 571 990 578 ·
1015 515 1079 590 De
1105 513 1275 586 minimis.
1502 615 1505 620 1
1685 589 1689 597 Δ

257 690 269 726 ·.
384 647 584 747 Minimei)
609 669 696 722 vero
720 625 886 739 ecclesie,
914 643 1048 742 quss2)
1070 645 1180 744 Angli
1193 646 1439 740 feldclserclze
1455 648 1488 748 ³)
1514 653 1658 746 dieunt,
1695 675 1833 746 ‚nearen-

204 792 208 802 '
254 800 310 860 tes
323 783 359 884 ⁴)
380 787 572 874 cimiterio,
615 779 770 879 XXX⁵)
797 781 862 852 sol.
1840 797 1841 802 ¹

822 923 857 996 7.
908 912 977 1011 (4.)
1039 911 1263 1018 Capitulum.

346 1109 351 1118 ,
382 1048 562 1128 Omnibus
581 1049 704 1148 itaque
719 1045 921 1142 christianis.
943 1049 1136 1139 justissime
1157 1049 1262 1117 decet
1287 1069 1370 1116 cum
1393 1068 1535 1127 summa
1554 1047 1737 1148 diligentia
1762 1021 1831 1138 ve·-
1886 1127 1892 1136 ,

254 1165 374 1255 nerari
395 1181 564 1276 reliquias
590 1176 854 1275 sanctorum,⁶)
888 1183 1081 1270 ordinatos,
1095 1175 1129 1273 7)
1152 1189 1190 1248 et
1215 1179 1341 1249 domos
1361 1176 1617 1264 sanctificatas,
1639 1191 1680 1252 wet
1696 1205 1833 1254 unum-

248 1297 428 1408 quemque
448 1316 622 1402 ordinem,
647 1315 846 1382 secundum
870 1336 1077 1383 mensuram
1100 1334 1203 1380 suem
1226 1323 1263 1382 et
1276 1299 1386 1383 vitam
1409 1309 1570 1402 ferentis,
1584 1310 1616 1406 8)
1640 1291 1829 1385 honorare:

247 1445 455 1536 Propterea,
473 1445 635 1538 quivult,
651 1455 846 1536 cognoscet
856 1439 890 1536 ⁹)
906 1443 1060 1513 multum
1077 1437 1204 1535 est10)
1223 1451 1260 1512 et
1273 1465 1454 1534 magnum,
1475 1445 1572 1535 quod
1588 1455 1600 1486 ¹
1614 1442 1646 1538 ¹)
1664 1449 1828 1516 sacerdos

247 1576 359 1645 habet
373 1573 430 1668 η)
448 1578 494 1646 ad
511 1571 718 1646 faciendum
734 1542 868 1665 populo
882 1575 922 1643 in
937 1586 948 1616 ¹
961 1570 994 1667 ³)
1006 1575 1230 1656 necessitate,
1256 1577 1317 1666 qui
1332 1575 1479 1643 domino
1494 1598 1559 1644 suo
1571 1585 1573 1590 '
1586 1547 1779 1670 desiderat!=
1788 1589 1827 1648 et

245 1710 368 1778 studet
396 1709 491 1798 juste
521 1707 676 1796 placere.
754 1705 887 1797 Magna
915 1708 1010 1775 enim
1039 1715 1094 1774 est
1127 1707 1303 1803 adjuratio
1317 1689 1377 1798 ¹⁴)'
1396 1703 1434 1776 8<
1456 1708 1574 1796 major
1593 1713 1826 1800 consecratio,

246 1865 316 1937 que
331 1851 343 1881 ¹
356 1836 388 1933 ς)
406 1841 573 1910 demonis
594 1841 741 1932 ejiciunt
757 1846 794 1906 et
816 1840 855 1908 in
879 1836 1004 1930 fugam
1027 1845 1183 1924 vertunt,
1207 1839 1371 1928 quotiens
1395 1836 1514 1907 infans
1539 1839 1741 1929 baptizatur
1764 1853 1827 1912 eut

245 1996 376 2065 eorpus
401 1973 538 2053 domini
563 1980 814 2059 consecratum
839 1979 937 2038 certe
962 1947 1080 2060 angeli
1102 1967 1371 2062 circumvolant,
1396 1979 1434 2038 et
1457 1993 1524 2060 per
1539 1971 1598 2066 16)
1624 1971 1695 2044 Dei
1709 1976 1824 2072 virtu-

246 2117 321 2177 tem
345 2105 524 2172 sacerdoti
555 2101 727 2170 auxilium
752 2100 931 2190 prebent,
982 2099 1079 2169 facta
1110 2103 1294 2190 muniunt,
1345 2104 1509 2194 quotiens
1537 2103 1682 2176 Christo
1714 2107 1822 2202 digne

245 2238 417 2308 serviunt.
466 2234 547 2324 lpse
562 2231 619 2327 ¹⁷)
642 2242 764 2303 tamen
787 2231 995 2322 presbyter,
1025 2233 1057 2300 si
1082 2231 1339 2322 calumniatur,
1354 2230 1411 2327 ¹⁸)
1444 2258 1559 2325 usque
1585 2236 1822 2328 adjudicium

245 2378 474 2396 -ι--ιι-

283 2438 310 2490 ι)
347 2433 517 2503 Campestris
535 2433 573 2486 D.
751 2417 753 2421 ἁ
770 2433 804 2504 2)
838 2431 890 2486 ubi
907 2447 966 2483 non
983 2434 1021 2483 sit
1037 2434 1153 2496 atrium,
1177 2430 1268 2485 XXX
1285 2430 1368 2484 solid.
1385 2429 1455 2486 D.B.

276 2538 306 2604 5)
341 2535 474 2590 Ecclesioe
492 2538 661 2600 rusticanos,
686 2551 706 2587 a
721 2533 789 2598 fild,
820 2552 907 2605 egro,
942 2509 1054 2600 compl),
1083 2532 1243 2586 observante
1263 2535 1461 2603 Rusigaardio.
1478 2564 1513 2576 -
1529 2535 1566 2606 B.
1580 2536 1679 2590 habet:
1697 2537 1820 2591 ecclesiae
1902 2588 1904 2592 .

373 2647 551 2706 campestres.
746 2637 779 2704 4)
814 2635 850 2687 H.
866 2654 926 2706 pom.
944 2643 1069 2686 carentes
1086 2637 1235 2687 cimiterio.
1431 2638 1460 2702 5)
1496 2643 1639 2707 octoginta
1657 2637 1765 2692 denarii
1782 2637 1820 2692 H.

133 2721 137 2732 .
275 2743 304 2810 6)
338 2743 511 2804 sanctuaria,
536 2736 649 2789 ordines
667 2747 695 2789 et
713 2737 767 2789 deo
786 2737 875 2790 dicate
894 2738 957 2789 loce
977 2751 1086 2812 summe
1109 2735 1299 2804 discrecione,
1325 2747 1385 2790 tota
1404 2737 1556 2792 devotione
1575 2739 1739 2808 pacificare,
1765 2758 1819 2794 cu·

219 2810 222 2822 ,
361 2839 478 2902 studim,
496 2843 625 2890 venerari
641 2841 725 2906 juxta
744 2837 862 2891 modum
879 2837 1067 2904 singulorum.
1106 2835 1143 2888 Et
1160 2840 1212 2904 qui
1228 2843 1281 2891 soit
1299 2839 1449 2908 intelliget,
1467 2857 1599 2908 magnum
1618 2840 1663 2907 (B.
1681 2843 1746 2894 add.
1764 2845 1817 2902 est>

361 2953 390 2996 et
406 2944 478 2993 mire
496 2927 667 3008 perpetuum
683 2939 802 3006 (mirum
819 2943 994 3007 praecipuum
1009 2934 1073 3006 Β),
1098 2937 1175 3006 quod
1192 2938 1227 2991 ad
1245 2941 1319 2993 velle
1337 2939 1393 2994 Dei
1413 2959 1465 3010 pro
1482 2946 1572 2996 salute
1591 2945 1693 3011 populi
1708 2941 1817 2996 sacien—
1851 2981 1855 2988 ι

360 3043 428 3096 dum
447 3041 537 3093 credit
555 3039 696 3108 (creditur
713 3040 763 3108 B.)
788 3041 943 3103 sacerdoti,
978 3049 1012 3110 et*
1024 3055 1124 3107 magne
1142 3034 1301 3108 conjuratio
1319 3045 1466 3109 multaque
1485 3042 1647 3094 benedietio
1665 3056 1723 3107 est,
1759 3059 1815 3112 que

355 3143 491 3213 propellit
506 3139 650 3193 diabolum
666 3153 694 3193 et
708 3145 740 3192 in
754 3141 851 3210 iugem
863 3143 977 3209 redigit,
995 3145 1117 3208 quoties,
1135 3141 1231 3194 divina
1249 3154 1418 3210 cooperante
1436 3146 1573 3209 potentia,
1592 3141 1740 3196 beatorum
1758 3150 1816 3214 spi-

353 3249 462 3298 rituum
477 3251 666 3311 prosequente
682 3241 817 3306 custodie,
835 3259 888 3312 per
905 3258 1002 3294 manus
1019 3243 1218 3309 temporalium
1234 3229 1412 3294 sacerdotum
1429 3247 1501 3294 sacri
1512 3243 1686 3311 bsptismatis
1696 3241 1743 3299 rel
1754 3245 1814 3298 ltu·

354 3343 487 3397 charistie
504 3352 678 3404 sacrosancte
694 3348 829 3407 mysteria
848 3342 1034 3394 celebrentur.
1075 3338 1143 3395 ΠΒ.
1165 3339 1190 3394 ἃ
1207 3359 1258 3394 om.
1276 3353 1339 3396 coet.

270 3453 298 3524 7)
333 3445 530 3502 ordinaciones
547 3442 585 3494 H.
628 3459 630 3462 ·
781 3443 814 3513 8)
849 3443 885 3496 Η.
902 3461 952 3494 om.
971 3441 1098 3494 ferentis.
1206 3490 1208 3495 ,
1293 3446 1322 3513 9)
1358 3442 1395 3496 H.
1412 3439 1464 3496 om.
1481 3445 1640 3513 cognoscet.

194 3606 200 3620 ¹
254 3556 298 3621 ιο)
333 3549 421 3603 Haud
437 3543 519 3596 dubia
537 3545 700 3614 legendum:
717 3559 788 3598 esse.
826 3544 932 3604 H.,om.
952 3553 1003 3596 est·
1200 3546 1243 3610 ιι)
1279 3549 1346 3612 quia
1363 3545 1400 3598 H.
1747 3606 1750 3613 p

252 3653 300 3719 η)
333 3651 371 3707 H.
388 3665 440 3701 om.
457 3645 554 3698 habet.
722 3647 766 3714 ιδ)
802 3647 836 3700 ad
854 3645 1014 3716 proiectum
1033 3647 1083 3712 qui
1101 3659 1154 3696 suo
1170 3644 1284 3699 domino
1303 3646 1444 3702 desideret
1458 3659 1487 3702 et
1503 3650 1599 3704 studet
1614 3641 1725 3720 placere
1742 3648 1779 3702 H.

251 3755 295 3822 14)
330 3750 452 3816 helsuug
470 3747 507 3802 A.
525 3749 598 3820 quod
613 3747 779 3813 Wilkirssius
792 3767 862 3819 per.-
887 3749 1077 3801 exorcismum
1095 3746 1295 3815 interpretatus
1312 3758 1364 3800 est.
1535 3754 1579 3820 15)
1616 3770 1672 3821 que
1689 3751 1725 3804 H.

251 3855 296 3922 16)
332 3867 385 3921 pro
401 3851 517 3904 Domini
537 3853 643 3902 uirtute
660 3849 698 3901 H.
1628 3921 1632 3926 .

249 3959 295 4028 ²7)
329 3951 377 4008 Sic
404 3963 432 4006 et
458 3967 569 4020 semper
593 3950 715 4018 iaciunt,
754 3964 819 4001 cum
847 3947 949 4028 devote
975 3944 1117 4000 Christum
1140 3951 1274 4002 invocent
1297 3966 1350 4019 pro
1378 3956 1480 4022 populi
1503 3956 1668 4006 necessitate
1695 3962 1724 4005 et
1739 3951 1805 4006 ideo

349 4070 448 4124 preces
465 4053 591 4106 fundunt
607 4065 637 4105 et
651 4052 717 4104 ideo
736 4053 767 4102 in
788 4049 839 4102 tali
856 4048 971 4112 ordine,
996 4059 1029 4100 ut
1052 4049 1195 4120 diximus,
1214 4065 1314 4118 magna
1330 4051 1414 4106 debet
1434 4071 1493 4108 esse
1511 4054 1647 4108 discrecio
1666 4064 1694 4106 et
1711 4058 1805 4106 consi-
1836 4093 1838 4099 Α

348 4157 468 4210 derecto.
484 4152 566 4206 H.—·
581 4154 613 4206 A
631 4154 688 4204 cod.
704 4153 743 4202 H.
758 4169 864 4229 perum¹
879 4149 976 4217 differt
989 4151 1055 4212 A&
1075 4151 1276 4204 observandum
1294 4135 1395 4220 autem,
1410 4164 1581 4224 preceptum
1599 4153 1632 4208 de
1639 4155 1802 4225 presbytero
1842 4176 1851 4190 ·

345 4265 476 4308 accusato
500 4255 530 4306 in
546 4255 591 4306 lats
608 4255 690 4306 eodd.
708 4253 853 4316 omissum,
889 4269 1029 4324 occurrere
1047 4253 1076 4305 in
1094 4262 1173 4304 textu
1191 4255 1250 4306 AS.
1268 4255 1338 4326 legis
1356 4257 1502 4308 secularis
1520 4273 1581 4324 cap.
1601 4256 1652 4322 40,
1684 4259 1756 4330 quod
1771 4259 1802 4312 s'n

345 4365 438 4409 nostro
456 4357 545 4408 codice
562 4373 612 4408 suo
629 4355 686 4406 loco
704 4354 885 4408 desideretur.
1084 4353 1127 4421 ιθ)
1164 4335 1352 4409 calumniatur
1374 4371 1405 4406 o:
1426 4365 1581 4412 accusetur.
