4034 5124
141 1778 146 1786 ·
260 1805 264 1814 .
300 1755 466 1821 ritmico
490 1771 634 1845 paterne
666 1758 692 1822 li

1737 429 1786 498 1.x

256 655 261 662 -
290 615 491 684 venerabile
520 611 702 685 comitium⁴
725 605 1158 704 ad-laudem‘etglorinm
1177 616 1232 682 dei
1239 603 1266 688 ζ’
1289 617 1502 714 congregatis
1521 612 1616 702 apud
1635 601 1838 680 Wint'on'ism
1922 589 1925 666 ζ

300 698 402 761 totius
420 699 576 782 Angliae,
613 701 748 778 Datioe,
790 696 998 788 primatibus
1022 700 1059 763 in
1080 700 1189 763 natali
1211 699 1359 771 damiam
1407 721 1461 761 cui
1476 707 1609 776 tantum
1627 695 1669 760 ab
1683 692 1838 759 'omnibus

267 829 270 837 .
300 775 512 846 observancie
540 783 692 847 studium
712 781 939 870 inimpensum
959 791 1027 856 est,
1069 792 1107 844 ut
1124 781 1228 868 siquis
1251 781 1312 844 boc
1335 779 1504 856 terciam
1539 777 1727 842 temeritate
1757 797 1838 863 per·

299 871 461 940 verteret,
509 864 681 930 communi
701 863 833 927 decreto
852 863 974 948 μεθ’)
998 883 1075 926 reus
1097 874 1179 928 esset
1199 862 1368 938 omnium,
1438 881 1479 924 ue
1501 855 1647 925 biberet.
1714 855 1837 922 Omni-

257 995 261 1008 .
299 939 361 1005 bus
392 942 505 1032 itaque
536 946 754 1032 solempniter
783 956 815 1008 et
833 942 1019 1016 ¹salubriter
1038 944 1198 1008 institutis
1220 944 1256 1007 in
1271 883 1468 1030 purgandis
1489 940 1597 1004 animi
1617 939 1726 1016 vitiis,
1773 959 1838 1001 aaa

258 1053 260 1058 ·
300 1023 337 1086 in
362 1033 426 1088 une
443 1027 606 1112 'gentibus
637 1025 831 1102 cruciandis
859 1047 935 1112 pax
958 1026 1087 1110 quesita
1108 1025 1263 1102 videtum
1284 1026 1439 1088 concisse
1453 1021 1664 1109 gaudiorum
1681 1023 1837 1104 volupta—

299 1115 327 1168 ti
349 1129 389 1192 us
408 1117 442 1170 et
469 1111 570 1174 tantis
594 1107 730 1174 Cnudus
749 1105 1112 1190 'subtranit'illecebris
1133 1109 1267 1172 Romam
1294 1127 1334 1169 ue
1353 1105 1491 1170 celebris
1510 1105 1713 1190 peregrinus
1732 1101 1838 1164 adue-

300 1189 370 1263 ait,
413 1199 627 1280 eternumque
648 1189 713 1254 sibi
735 1211 856 1252 nomen
873 1209 940 1273 per
962 1188 1079 1252 secula
1100 1185 1212 1274 fecit3
1258 1128 1315 1251 ibi
1336 1197 1462 1274 quanta
1486 1186 1523 1249 in
1546 1181 1698 1248 omnibus
1722 1181 1837 1264 benig·

301 1270 407 1333 nitate
425 1269 572 1350 claruit,
618 1281 782 1360 quantum
804 1269 852 1333 ibi
869 1271 967 1354 genti
989 1281 1099 1333 nostre
1146 1270 1351 1355 riacipatum
1374 1267 1511 1342 meruit,
1556 1275 1727 1330 recentum
1749 1285 1839 1327 sem·

261 1401 265 1414 .
296 1370 362 1434 per
389 1355 620 1440 exemplorum
648 1352 813 1418 continuis
838 1349 1097 1438 allegationibus
1117 1293 1421 1433 intendamus&
1463 1345 1703 1432 Inde‘copiosa
1725 1344 1838 1408 laudis

281 1452 341 1495 -ac
379 1431 566 1499 dilectionis
597 1437 849 1520 prosecutione.
863 1455 1036 1506 reuersus,
1079 1431 1248 1503 bonorum
1277 1433 1429 1496 omnium
1459 1429 1657 1496 testimoniis
1689 1437 1837 1503 ornatus,

260 1551 264 1560 ·
291 1507 440 1595 felicem
459 1537 528 1600 per
556 1539 670 1580 omnia
700 1516 807 1580 vitam
834 1515 984 1598 glorioso
998 1513 1077 1600 fine
1100 1515 1303 1600 compleuit3
1328 1525 1361 1577 et
1379 1511 1647 1592 obtinuerat‘**)
1667 1507 1732 1572 sibi
1756 1530 1837 1596 reg·

260 1625 280 1656 ι4
298 1617 382 1658 num
408 1595 536 1676 Anglioe
567 1594 731 1662 Horoldus
748 1605 797 1658 .ct
825 1593 1074 1676 Hardocoutus,
1122 1594 1218 1682 digni
1247 1605 1339 1658 tanto
1363 1605 1466 1680 patre
1486 1587 1578 1677 filii,
1625 1589 1751 1655 miram
1769 1612 1838 1677 pa·
1940 1615 1941 1632 ³

261 1729 264 1738 ,
299 1685 393 1739 terne
423 1671 615 1742 dulcedinis
637 1675 683 1763 fr
732 1677 880 1741 rontium
903 1677 1163 1762 circumquaque
1187 1675 1390 1750 redolentes,
1436 1695 1580 1762 quorum
1601 1693 1682 1736 suae
1705 1682 1836 1758 tempo·

688 1699 833 1822 ‘biremis
857 1759 1036 1851 amplioris
1065 1758 1273 1822 incrementa
1295 1757 1443 1821 sentiret.
1507 1753 1661 1819 Tandem
1685 1763 1837 1818 revocato

259 1836 506 1918 -Eadwasdo,
553 1835 712 1905 Adehcdi
740 1837 832 1926 regis
848 1837 951 1926 stlta,
998 1837 1168 1902 mediante
1191 1833 1336 1913 Alvino,
1381 1831 1603 1903 Wintoniensi
1634 1835 1786 1930 episcopo
1808 1838 1838 1898 δι

259 1959 263 1966 ·
299 1915 464 1985 Godwino
494 1925 630 2000 comite,
678 1921 866 1985 convocatis
891 1917 986 2006 apud
1017 1915 1221 1982 Hurtesheuc
1260 1918 1361 1984 totius
1388 1913 1506 1998 Anglic
1534 1909 1740 1991 Beronibus,
1786 1916 1837 1979 ita
1946 1957 1947 1974 2

258 2039 263 2046 ·
297 1999 434 2066 demum
467 2003 502 2066 iu
532 2027 570 2068 re
595 2026 647 2066 em
675 1999 909 2086 suscipiendus
939 1997 1101 2075 auditur,
1147 2000 1178 2063 si
1206 2000 1254 2064 eis
1282 1995 1392 2063 Caudi
1423 1998 1515 2088 leges
1541 2007 1572 2060 et
1583 1994 1745 2082 filiarum
1765 1997 1838 2078 ejus
1947 2017 1949 2080 ᾗ

259 2119 266 2128 ·
298 2081 503 2146 inconvulsa
524 2095 576 2146 sto
599 2083 710 2146 ilitatc
738 2103 796 2144 suo
828 2092 1185 2166 tempore-mansuras
1194 2111 1210 2156 ,·
1247 2081 1438 2164 juramenti
1467 2075 1705 2163 satisfactione·
1724 2077 1837 2141 sanci·
1948 2091 1950 2140 ζ

262 2207 264 2214 .
300 2171 362 2224 ret.
431 2162 503 2226 Hic
530 2185 608 2230 vera
636 2161 795 2246 felicibus
815 2161 1015 2226 sublimatus
1029 2163 1217 2256 auspiciis,
1264 2161 1560 2248 magno‘ueritatis
1577 2170 1611 2223 et
1619 2159 1756 2246 justitie
1775 2158 1837 2221 do-
1950 2183 1951 2200 ³

292 2251 574 2324 «cumentaffrea
609 2245 793 2329 imperium
827 2254 859 2304 et
898 2243 1061 2328 quicquid
1095 2247 1131 2316 in
1158 2243 1319 2306 'humanis
1350 2243 1448 2307 bodie
1478 2241 1610 2307 malum
1638 2239 1771 2304 videtur
1794 2263 1836 2305 ac
1952 2299 1953 2320 ξ

259 2375 264 2388 ,
298 2321 461 2386 miserum
481 2320 629 2408 fortiori
651 2321 838 2410 felicitatis
869 2323 992 2387 euertit
1023 2335 1225 2410 augmento,
1266 2325 1315 2387 sio
1341 2323 1526 2389 adomnia
1546 2323 1712 2388 virtutum
1734 2343 1838 2386 orna-

237 2451 239 2456 .
298 2409 415 2466 menta
439 2405 659 2490 compositus,
707 2415 783 2480 ut,·
811 2403 901 2491 quod
930 2404 1057 2468 mirum
1085 2415 1152 2484 est,
1198 2406 1369 2469 communi
1391 2407 1544 2470 omnium
1570 2411 1643 2469 voto
1664 2415 1834 2490 regnaret.
1954 2436 1956 2444 ν

266 2482 488 2550 ·'Hinc.sunt
514 2488 576 2550 ille
596 2487 704 2575 leges,
746 2484 812 2550 illa
829 2485 930 2571 pacis
945 2482 1097 2569 federa,
1130 2507 1359 2574 *quoaemper
1376 2481 1636 2571 Angligensram
1654 2484 1758 2549 corda
1779 2507 1838 2550 su·

297 2566 430 2652 spirant
452 2580 484 2631 et
508 2567 617 2634 niudis
652 2578 770 2654 optant
801 2565 971 2644 omnibus,
1019 2567 1182 2654 quicquid
1216 2579 1371 2652 suspecta
1407 2569 1622 2635 dominorum
1650 2577 1838 2632 commenta

297 2647 447 2712 nouitent
469 2653 498 2714 ἂ
521 2673 601 2718 raro
630 2648 714 2714 boni.
735 2653 901 2734 completa
923 2649 1118 2735 promissio.
1166 2649 1302 2714 Crebris
1324 2671 1468 2738 namque
1497 2650 1663 2714 uirtutum
1686 2643 1838 2733 naufra-

258 2767 264 2774 ·
294 2727 366 2813 giis
392 2741 425 2792 et
453 2729 694 2816 habundantia.
718 2731 884 2795 scelerum
903 2730 1071 2817 'saginata
1093 2731 1240 2811 licentia
1253 2735 1356 2796 tantis
1380 2730 1632 2796 calamitatibus
1652 2753 1694 2794 ac
1715 2729 1838 2795 moles-

257 2858 261 2868 ,
297 2809 368 2886 tiis,
390 2810 657 2897 inprobitatibus,
680 2811 800 2875 mundi
820 2821 980 2888 utantur,
1005 2823 1042 2875 ut
1065 2823 1165 2898 rupto
1188 2815 1342 2878 veritatis
1363 2813 1531 2878 instinctu
1539 2810 1631 2897 fieri
1651 2831 1838 2896 conquera-

266 2928 281 2948 ’κ
297 2900 373 2966 tur3
393 2892 496 2954 imma
515 2893 666 2956 omnium
686 2892 828 2968 animis,
846 2904 938 2959 metu
958 2903 991 2956 et
1009 2894 1158 2957 miseriis
1175 2905 1271 2958 certa
1289 2905 1341 2958 tre
1366 2893 1519 2956 idacione
1542 2890 1704 2974 confusis,
1724 2890 1838 2952 diram

259 3011 262 3016 -
293 2966 453 3056 fallendi
481 2972 697 3042 sedulitatem
732 2971 1030 3055 superintemptat‚
1076 2969 1193 3058 siquid
1225 2984 1257 3040 et
1289 2995 1328 3034 sa
1346 2968 1422 3035 ubri
1440 2971 1581 3058 pietatis
1607 2970 1838 3034 recordatione

292 3071 293 3076 ’
294 3065 507 3142 preparetur
514 3078 527 3132 3
569 3075 659 3141 pene
677 3051 842 3127 dixerim,
878 3051 987 3114 omnis
1004 3053 1125 3136 gratia¹
1145 3053 1310 3136 veritatis
1330 3052 1489 3131 exoletos,
1533 3056 1626 3118 velut
1643 3051 1720 3116 eam
1733 3051 1838 3140 pari-

256 3175 260 3180 ·
297 3145 351 3199 ter
383 3135 554 3224 sacrilega
576 3132 874 3220 condempnatione
890 3134 1155 3219 prescrt’pserint
1177 3145 1210 3200 et
1229 3133 1392 3221 simplam
1410 3131 1552 3219 fraudis
1573 3144 1729 3199 exactum
1742 3134 1838 3220 'trip-

257 3247 259 3252 ·
297 3215 343 3280 lis
372 3215 452 3281 bene
483 3217 682 3284 meritarum
713 3212 970 3280 caleibitianibus
988 3210 1195 3312 preferant,
1242 3227 1276 3281 et
1298 3217 1380 3304 quia
1405 3236 1494 3281 nunc
1510 3215 1669 3304 pessimis
1692 3239 1793 3282 carru
1818 3252 1836 3264 -

296 3299 375 3364 telis
401 3299 527 3364 vivitur
537 3348 549 3377 ,
578 3295 739 3386 profecto
753 3291 914 3392 ferendis
934 3294 1064 3382 legibus
1084 3320 1167 3382 opus
1191 3308 1240 3360 est
1262 3308 1295 3360 et
1319 3319 1360 3361 ex
1379 3298 1480 3362 meilis
1502 3295 1649 3362 moribus
1667 3296 1768 3360 bonas
1785 3238 1837 3362 i)-

295 3399 357 3466 ges
379 3382 569 3467 procreari.
618 3377 791 3465 Quicquid
812 3393 933 3462 corpus
963 3387 996 3440 et
1016 3377 1171 3442 animum
1195 3376 1494 3466 frequentioribus
1509 3379 1657 3444 miseriis
1678 3381 1836 3455 concutit,

321 3461 459 3549 uiaquid
486 3461 670 3526 auditionis
699 3459 790 3525 male
814 3459 964 3543 gemitus
994 3468 1028 3522 et
1048 3459 1231 3546 popularis
1257 3457 1384 3542 invidie
1406 3460 1573 3544 adnectit,
1617 3461 1836 3547 perquisitius

299 3483 493 3607 bonoratur.
538 3543 646 3628 Regis
667 3541 1117 3614 tamen‚&N01-msnn0rum
1137 3539 1251 3620 ducis,
1298 3543 1436 3630 augusti
1456 3541 1585 3608 domiai
1604 3543 1716 3606 ‚nostri
1734 3543 1837 3607 Cesa-

299 3624 348 3689 ris'
378 3623 626 3702 Henrici,***²¹‘)
673 3621 793 3708 magni
810 3617 971 3688 willelmi
998 3617 1092 3698 filii,
1138 3645 1257 3688 serena
1281 3633 1434 3712 tempora
1448 3621 1617 3712 fatigatis
1632 3625 1711 3708 jam
1731 3623 1849 3700 nobis,

300 3717 334 3772 a
357 3726 447 3791 pene
480 3701 708 3786 deficientibus
729 3703 831 3790 pacis
860 3726 908 3769 ,ac
937 3699 1125 3789 felicitatis
1155 3705 1296 3792 antiqua
1330 3705 1476 3782 noticia,
1517 3703 1651 3793 gaudia
1689 3704 1836 3770 reduxe-

301 3797 399 3863 runt,
446 3784 506 3872 qui
526 3783 714 3850 libertatem
736 3785 893 3862 ecclesie,
939 3786 1156 3849 securitatem
1173 3788 1301 3874 patrie,
1340 3787 1494 3874 pretium
1515 3785 1704 3872 virtutibus,
1747 3810 1836 3874 gra-

299 3871 385 3934 tiam
421 3865 609 3945 laboribus,
680 3863 784 3930 aadio
819 3864 1041 3941 merentibus,
1088 3865 1260 3956 suffragia
1284 3864 1495 3956 poscentibus
1556 3869 1592 3932 ia
1622 3868 1837 3932 miseratione
1920 3921 1924 3928 .

258 3967 262 3972 '
300 3951 464 4037 respexit3
511 3949 570 4037 qui
596 3949 644 4015 Ga
673 3959 767 4011 otum
789 3947 976 4026 leuitatem,
1021 3949 1292 4016 Normannorum
1310 3970 1469 4038 pugnas,
1506 3891 1750 4035 ¹diitsnnorum
1764 3945 1835 4036 su-

300 4035 387 4113 rias,
432 4030 769 4120 Dcnomsnnensium.
779 4029 1004 4114 jactantiam,
1030 4027 1303 4106 flandrensium
1329 4033 1530 4110 vanitatem,
1577 4031 1837 4098 'teutonicorum
1927 4065 1932 4074 ·

260 4179 485 4206 ..αι-ι-

308 4271 357 4372 *p
396 4274 561 4343 [agendum
579 4271 714 4330 iortouet
727 4279 853 4347 potrum.

293 4339 362 4470 „3
398 4344 595 4467 :aazia

270 4471 356 4539 W)
389 4476 533 4534 Hearicus
549 4481 666 4552 primus,
683 4477 850 4536 Gutlltclmt
861 4479 1058 4550 conquestoris
1073 4475 1162 4538 filino
1221 4503 1223 4508 ·
1270 4508 1273 4518 ι
