4108 5106
337 586 341 595 ·
413 553 439 560 '⁵
505 551 607 632 '65·
629 541 795 644 (60·61)
843 543 957 642 ·De¹)
984 544 1186 652 rapinane
1209 541 1468 616 combustione.
1561 553 1577 610 .’

242 701 245 710 ’
341 685 482 777 Siquis
509 687 672 775 rapinam
685 681 720 778 Ζ)
748 681 895 771 ¹fecerit,
948 680 1065 754 solvat
1078 684 1109 770 ³)
1140 691 1180 782 et
1200 679 1399 773 persolvat,
1452 686 1489 747 et
1517 691 1601 748 reus
1633 679 1686 768 sit
1713 701 1802 776 pte-

217 819 308 910 tii⁴)
348 819 402 890 sui
440 821 566 888 contri
596 831 746 910 regenn'
806 795 1061 908 Desttucu’o‘)
1091 817 1218 885 domus
1253 827 1303 883 et'
1324 813 1532 882 combustiow
1558 809 1717 907 illins,⁶)
1763 821 1801 884 at

217 953 382 1045 publicus
415 952 524 1042 latro,
573 963 611 1022 et
643 941 889 1039 murdritort)
923 959 960 1018 et
992 951 1133 1040 proprii
1165 949 1302 1018 domini
1335 949 1511 1029 traditor,
1527 949 1563 1036 8)
1606 955 1802 1018 ⁴tratttseunt
1887 1014 1890 1020 .

221 1110 364 1157 omnem
390 1087 696 1168 emendationem,
738 1108 805 1154 neo
831 1083 986 1176 aliquam
1011 1082 1156 1151 habent.

552 1218 555 1224 ’
588 1223 648 1301 66.
673 1215 770 1316 (69.)
786 1258 798 1272 ·=
816 1193 926 1308 Det)
956 1213 1127 1308 negleciu
1152 1210 1441 1282 institutionum
1507 1215 1510 1222 '

352 1352 390 1422 Si
405 1351 463 1449 ιο)
490 1355 566 1446 quis
580 1352 791 1446 ‘neglexerit
816 1349 1105 1420 emendationem
1130 1349 1299 1436 civitatis,
1314 1359 1325 1390 ¹
1339 1347 1374 1439 ²)
1423 1345 1481 1420 vel
1507 1348 1561 1416 ire
1586 1327 1632 1418 ed
1657 1342 1803 1437 bellum,

135 1511 137 1516 ·
220 1485 338 1554 soluat
365 1487 441 1578 regi
466 1485 776 1582 quadraginta12)
803 1483 952 1572 solidos,
985 1491 1048 1550 aut
1068 1483 1119 1550 ita
1148 1504 1187 1549 se
1211 1491 1361 1573 purget:
1394 1483 1626 1550 nominentur
1651 1483 1685 1551 ei
1710 1505 1803 1573 qua-

220 1619 431 1706 tuordecim,
458 1628 495 1686 et
520 1617 755 1712 adquirat¹³)
780 1617 949 1686 undecim
976 1617 1113 1706 etipse
1140 1617 1186 1683 sit
1212 1609 1454 1684 duodecimus.

355 1749 434 1826 (63)
478 1742 589 1834 ndu)
616 1743 828 1826 infectionem
850 1739 985 1810 ecclesie
1006 1739 1151 1808 dehet
1126 1763 1232 1808 emtus
1263 1741 1403 1831 populus
1428 1701 1604 1808 secundum
1622 1743 1803 1824 reetmn15)

220 1847 403 1916 subveniie.
491 1858 496 1870 ’

646 1977 706 2054 67.
732 1969 838 2070 (64.)
876 1973 938 2044 De
954 1971 1012 2064 ἷδ)
1039 1965 1373 2069 excommunicatis.

359 2106 397 2205 Si
426 2109 504 2198 quis
540 2129 666 2176 secum
691 2109 849 2178 tenuerit
865 2106 920 2193 ¹⁷)
953 2105 1303 2174 excommunicatum
1330 2111 1397 2203 aut·
1418 2099 1562 2172 exulem
1578 2099 1637 2198 ¹⁸)
1668 2101 1803 2176 clama-

222 2246 317 2326 tum,
344 2250 464 2309 careat
489 2241 653 2310 omnibus
681 2243 755 2310 suis
781 2251 818 2308 et
842 2243 933 2321 vita,
964 2241 1035 2308 uisi
1058 2261 1125 2306 rex
1148 2239 1181 2306 ei
1205 2247 1342 2328 parcat.

229 2429 458 2448 ———-

261 2556 287 2620 1)
310 2554 394 2610 'tiit
412 2575 461 2610 om.
480 2559 692 2627 inscriptionem.

257 2663 286 2717 2)
322 2660 461 2712 roboriam
478 2659 547 2712 D..B

260 2761 288 2825 5)
325 2761 422 2814 reddat
439 2773 466 2814 et
484 2765 628 2832 persolvat
647 2762 724 2830 quod
743 2765 820 2830 cepit
837 2773 865 2814 et
883 2761 933 2815 dte.
949 2761 985 2814 Β.
1181 2763 1209 2822 4)
1238 2780 1312 2815 veroe
1333 2759 1403 2816 Dii.
1475 2748 1476 2752 ¹

261 2865 290 2932 5)
324 2865 480 2933 limbatas
490 2865 520 2918 id
537 2877 579 2918 est
595 2864 727 2917 infractio
747 2865 856 2929 domus,
874 2878 902 2918 et
921 2866 1036 2930 tornet,
1054 2865 1132 2934 quod
1150 2865 1270 2918 dicimus
1289 2863 1382 2933 (quod
1396 2875 1439 2918 est
1458 2861 1615 2932 domnoli.)
1632 2821 1805 2926 incendium,

232 2967 244 3002 ⁸
358 2981 386 3021 et
402 2987 470 3039 open
487 2967 582 3038 thysi,
600 2971 630 3020 id
649 2980 690 3020 est
709 2979 836 3036 apertum
856 2968 974 3034 lurtum,
994 2967 1126 3022 &cedere
1144 2971 1236 3034 mord,
1262 2968 1292 3019 id
1309 2979 1352 3020 est
1368 2966 1518 3036 probatum
1536 2964 1805 3020 murdrum&l⁸ia·

352 3071 504 3141 sordsvice,
522 3071 552 3123 id
571 3083 612 3125 est
630 3070 782 3124 infidelitas
801 3087 867 3139 erga
885 3073 1040 3136 dominum,
1058 3072 1214 3126 secuudum
1232 3073 1325 3137 legem
1341 3072 1432 3122 seculi
1443 3068 1651 3124 inemendabile
1668 3079 1719 3125 est.
1736 3067 1806 3124 D.B.

262 3174 290 3241 6)
325 3151 458 3242 uillarum
478 3171 514 3224 H.
698 3180 726 3242 7)
766 3174 914 3227 murdrum
933 3173 970 3226 Η.
1153 3175 1182 3236 8)
1216 3172 1365 3226 insidiator
1382 3171 1419 3227 Η.
1492 3153 1494 3156 ’
1673 3151 1676 3158 “

261 3277 291 3345 9)
325 3275 396 3329 HJJ.
418 3295 468 3330 om.
487 3277 700 3344 inscriptionem.
1326 3273 1327 3276 '

247 3379 292 3446 ιο)
326 3375 358 3430 Si
379 3381 442 3444 quis
461 3377 624 3429 burhbotom
644 3376 824 3444 (burgbotam
842 3377 888 3436 B)
918 3379 964 3430 vel
983 3377 1138 3449 brigbotam
1158 3377 1203 3439 (B.
1222 3382 1287 3432 add·
1308 3381 1328 3430 i.
1350 3395 1375 3431 e.
1395 3377 1481 3444 burgi
1500 3377 1545 3430 tel
1564 3379 1658 3445 pontit
1675 3375 1807 3433 refectio·

358 3485 436 3541 nem)
455 3481 502 3533 ael
513 3479 651 3550 syrdsare
678 3477 722 3542 (B.
742 3482 806 3532 add.
825 3483 846 3532 i.
865 3497 890 3532 e.
907 3484 938 3532 in
955 3484 1113 3534 exercitum
1131 3485 1185 3543 ire)
1205 3481 1409 3549 supersederit,
1438 3479 1569 3536 emendet
1587 3477 1642 3530 hoe
1660 3476 1741 3531 CXX
1758 3495 1809 3532 to·

359 3582 425 3636 lidia
444 3587 506 3652 regi
523 3585 554 3634 iu
571 3581 733 3649 Anglorum
750 3584 828 3650 lega,
864 3587 895 3634 in
912 3582 1071 3651 Denalaga,
1107 3589 1181 3637 siout
1200 3588 1279 3638 stetit
1298 3586 1347 3638 lex
1364 3593 1458 3648 annea,
1497 3583 1600 3637 velita
1617 3595 1647 3634 se
1665 3580 1805 3650 adlegiet:

355 3690 542 3739 nominentur
558 3683 607 3737 &o
625 3683 697 3737 Ι).Β.’
1702 3665 1704 3670 ¹

248 3795 293 3860 11)
331 3791 451 3843 divitatis
473 3803 505 3838 o:
530 3788 623 3856 oppidi
628 3807 638 3848 ,·
669 3786 742 3840 ΗΑ.
762 3789 827 3840 add.
846 3789 892 3842 vel
909 3793 1013 3858 pontis.
1088 3792 1091 3800 ’

248 3903 290 3958 12)
326 3891 408 3946 CXX
425 3892 477 3944 sol·
498 3895 529 3942 iu
546 3891 698 3957 Englslaga
718 3901 745 3943 et
763 3893 794 3942 iu
810 3889 955 3962 Danelaga
971 3895 1069 3961 prouti
1086 3903 1167 3945 antea
1185 3891 1311 3945 obtinuit
1329 3893 1375 3946 vel
1392 3907 1422 3946 se
1439 3899 1543 3962 purget
1562 3886 1612 3942 &e
1637 3887 1674 3942 A.
1782 3938 1787 3948 ,

249 4001 295 4066 15)
330 3994 400 4050 D.B.
419 3995 483 4046 odd·
503 4011 540 4046 ex
558 3998 616 4057 eia,
634 3993 663 4046 ὃ(
675 4013 725 4046 om.
745 4003 809 4064 coet·
831 3994 1024 4062 -1Adquiret
1043 4011 1074 4047 o:
1093 3998 1192 4068 eligat.

249 4102 295 4170 14)
328 4105 386 4154 Hoc
405 4108 504 4168 caput,
523 4098 639 4168 quodin
659 4096 752 4150 Codice
771 4107 915 4153 nostrone
934 4075 1309 4173 cod-Edesideraturlex
1328 4099 1390 4152 (lod.
1410 4097 1447 4148 D.
1467 4095 1674 4165 exscripsimus·
1774 4102 1782 4128 s

249 4203 297 4273 15)
325 4190 419 4271 legem
435 4199 467 4254 B.
626 4199 669 4260 16)
697 4198 734 4256 Η.
751 4217 802 4255 om.
820 4201 1033 4270 inscriptionem.
1049 4201 1134 4256 -Β,
1152 4220 1203 4256 om.
1221 4213 1309 4256 totum
1327 4210 1420 4270 ceput.

250 4306 294 4376 17)
328 4303 431 4357 habeat
449 4313 477 4355 et
494 4319 579 4355 manu
596 4314 690 4356 teneat
708 4301 741 4354 B.

250 4407 298 4479 18)
332 4408 471 4475 utlagatis,
491 4405 649 4473 desperatio
668 4404 723 4458 sibi
742 4415 783 4457 est
801 4416 830 4457 et
847 4405 997 4482 omuibus,
1020 4422 1082 4475 que
1099 4403 1225 4476 pdssidet
1242 4405 1275 4459 Β.
1293 4406 1318 4459 a
1335 4424 1386 4458 om.
1407 4412 1471 4458 coet.
