4078 5140
244 359 250 371 .
338 336 409 410 34.

285 528 453 608 inimicns,
488 524 545 614 qui
565 522 640 590 totis
662 543 788 611 semper
806 518 979 584 visceribus
988 522 1014 600 ι)
1036 515 1155 614 inhiat,
1174 509 1249 586 to'tis
1272 531 1371 584 estuat
1391 515 1576 601 desideriis,
1601 518 1766 610 quomodo
1783 521 1863 614 plu-

284 659 337 702 res
360 634 480 696 animas
497 626 659 720 pertrahat
679 627 715 690 in
734 625 937 714 supplicium.
1002 622 1051 689 Sit
1074 624 1179 712 itaque
1197 639 1307 712 pastor
1329 619 1506 704 sollertiae)
1530 627 1722 714 pervigilet
1745 643 1862 696 attente

277 733 506 830 'proclamans’
539 733 595 824 qui
618 747 729 826 contra
745 724 923 832 spirituales
945 728 1102 816 nequitias
1123 726 1217 790 debet
1235 721 1360 818 populo
1380 727 1565 818 providere.
1608 727 1675 816 Qui
1693 751 1769 795 sane
1788 749 1862 798 sunt

288 841 473 932 episcopiss)
494 834 671 900 sacerdotes
697 833 777 923 [qui]
803 853 933 914 gregem
946 831 1079 894 Domini
1100 829 1246 896 doctrina
1269 827 1386 894 debent
1404 833 1539 920 sapienti
1564 830 1726 898 custodire
1750 849 1781 898 et
1801 833 1863 899 de-

286 942 435 1024 fendere,
474 963 516 1006 ne
546 935 704 1005 diabolice
732 937 858 1002 vesania
888 935 1034 1000 vulneret
1064 932 1116 1002 vel
1139 935 1281 1014 occidat,
1330 951 1360 998 et
1383 939 1440 1023 qui
1458 936 1519 1000 Dei
1542 937 1705 1028 preceptis
1729 936 1864 1004 obedire
1923 933 1926 942 ’

287 1046 479 1130 neglexerit,
509 1041 574 1111 boc
583 1047 618 1126 4)
638 1063 713 1106 eum
733 1041 806 1132 ipso
833 1037 1005 1121 Christot)
1029 1060 1199 1105 commune
1217 1041 1317 1122 noni)
1340 1039 1490 1104 habeat·
1546 1053 1549 1058 “

536 1371 599 1442 De
634 1367 799 1462 capitulo
813 1363 881 1465 (l)
908 1363 947 1439 8<
969 1368 1023 1436 ad
1044 1363 1266 1436 secularium
1289 1365 1413 1459 legum
1438 1366 1620 1436 transitio.

420 1503 511 1573 Haec
536 1515 592 1574 est
616 1506 723 1576 etiam
748 1503 926 1571 institutio
953 1499 1198 1592 saecularis,⁷)
1224 1523 1331 1590 quesn
1356 1523 1423 1592 ego
1446 1523 1512 1590 per
1537 1499 1773 1598 consilium⁸)
1795 1524 1867 1594 op·

288 1638 456 1709 timetum
469 1632 503 1729 ⁹)
529 1658 691 1705 meorum
710 1627 860 1704 'seruare
883 1635 992 1702 statui
1015 1655 1081 1723 per
1101 1641 1219 1701 totum
1235 1627 1292 1724 ¹⁰)
1316 1653 1468 1724 regnum
1493 1656 1624 1703 meum.

923 1793 1029 1861 (Leges
1064 1761 1238 1860 saeculares.)
1320 1853 1322 1860 ¹

965 1897 1190 1990 Capitulum.

494 2005 498 2012 .

424 2029 626 2131 1.·(1&2.)
675 2027 912 2124 Inprimis¹¹)
936 2033 1040 2123 justae
1066 2030 1165 2123 leges
1189 2031 1389 2122 erigantur,
1428 2042 1465 2101 et
1490 2033 1632 2123 injustae
1658 2030 1871 2124 depriman-

291 2158 421 2262 tur'¹²)
449 2177 486 2236 et
510 2165 737 2261 abjiciantur,
760 2172 869 2270 rectae
891 2161 988 2255 leges
1014 2164 1116 2235 diviti
1141 2173 1178 2233 et
1198 2163 1350 2254 pauperi
1371 2171 1572 2233 teneantur,

427 2553 636 2648 Quodsi¹³)
661 2553 755 2646 justa
770 2552 825 2652 ¹⁴)
851 2558 898 2625 sit
924 2575 1096 2636 onerosa,
1121 2554 1324 2624 consideret
1348 2553 1408 2625 ille
1432 2578 1657 2646 mensuram,
1683 2557 1730 2626 ed
1763 2579 1869 2650 quem

295 2701 383 2758 tune
396 2689 600 2779 pertinebit
622 2689 773 2778 justitie,
798 2690 890 2756 sicut
911 2687 989 2758 vult
1004 2688 1072 2756 sibi
1087 2687 1269 2777 provideri
1285 2711 1307 2756 a
1326 2688 1424 2777 Deo,
1449 2689 1507 2758 cui
1525 2689 1683 2780 quotidie
1700 2690 1870 2762 dicimus:

295 2829 353 2889 ”et
376 2821 516 2889 dimitte
539 2785 642 2890 nobis
669 2809 788 2890 debita
811 2830 956 2900 nostra,
980 2819 1072 2888 sicut
1097 2828 1134 2888 et
1155 2841 1222 2888 nos
1246 2819 1460 2888 dimittimus
1478 2820 1700 2890 debitoribus
1713 2823 1875 2890 nostris.''

331 3049 358 3116 ι)
394 3047 503 3101 viribus
520 3047 554 3100 B.
674 3064 677 3072 ¹
750 3049 779 3116 2)
815 3049 915 3102 sollers
933 3045 967 3099 Β.
983 3059 1127 3114 pastorum
1146 3045 1271 3098 sollertia
1291 3043 1322 3100 S.
1518 3047 1548 3115 5)
1581 3045 1614 3100 Β.
1632 3057 1706 3101 rests
1723 3049 1788 3104 add.
1807 3061 1845 3107 et.

329 3149 359 3217 4)
394 3151 552 3220 Legeudum
569 3149 636 3212 hie,
655 3159 687 3200 ut
707 3149 736 3200 in
752 3147 797 3199 B··
983 3147 1013 3214 5)
1046 3147 1108 3200 Deo
1127 3145 1161 3201 Β.

318 3251 361 3318 ’6)
395 3249 428 3304 Β.
446 3253 509 3302 add.
529 3266 602 3312 non,
623 3251 695 3319 quod
710 3265 806 3301 sensus
818 3252 932 3316 poscere
949 3248 1080 3310 videtum
1092 3247 1157 3299 licet
1174 3248 1219 3300 liic
1239 3247 1270 3300 r'n
1285 3255 1364 3301 testu
1380 3249 1439 3306 As,
1456 3248 1530 3302 alius
1546 3249 1594 3303 sit·

221 3331 223 3334 Ι
258 3425 261 3428 ¹
332 3354 362 3420 7)
393 3353 490 3418 legum
508 3352 678 3403 secularium
695 3349 766 3402 ΠΒ.
953 3351 981 3414 8)
1018 3347 1055 3400 Η.
1074 3351 1139 3401 edd.
1157 3359 1379 3424 etcorssensum·
1543 3351 1575 3422 9)
1610 3331 1768 3421 sapientum
1786 3351 1856 3408 Β.Β.
1898 3353 1903 3360 ’

316 3455 359 3513 ιο)
395 3462 483 3504 totam
500 3449 632 3516 angliam
650 3449 720 3502 D.B.
919 3451 961 3516 ιι)
997 3449 1031 3503 Β.
1047 3452 1112 3502 add.
1129 3451 1196 3502 volo
1213 3459 1255 3502 ut.

318 3553 362 3618 ια)
396 3551 595 3606 subvertantur
612 3550 682 3602 D.B.
700 3583 730 3593 -
748 3550 782 3602 Β.
800 3552 864 3604 edd.
882 3563 911 3605 et
928 3533 1020 3606 omnis
1037 3553 1196 3620 injustitia,
1217 3561 1320 3619 quanta
1337 3567 1488 3620 possumus
1508 3532 1699 3622 observantiu
1715 3555 1749 3609 de
1766 3553 1875 3612 finibus

430 3657 534 3706 nostris
553 3654 710 3706 sarculetur
729 3664 757 3704 et
775 3651 1075 3721 explarrtetur2'etDei
1093 3653 1203 3718 justitia
1219 3653 1311 3706 modis
1328 3653 1461 3707 omnibns
1480 3655 1631 3720 exaltetur,
1649 3667 1678 3708 et
1695 3657 1796 3710 amodo
1814 3673 1875 3710 orn·

430 3759 475 3808 nis
495 3754 581 3807 homo
600 3755 701 3821 dignus
720 3753 836 3822 publica
853 3754 1022 3807 rectitudine
1040 3765 1188 3825 reputetur
1206 3770 1315 3824 pauper
1332 3766 1360 3808 et
1377 3755 1471 3820 dives,
1506 3761 1671 3826 quicunque
1694 3763 1747 3824 sit,
1782 3771 1810 3814 et
1831 3765 1875 3815 eis

430 3844 505 3924 iusta
529 3855 635 3923 judicia
651 3856 823 3923 judicentur.
943 3923 944 3926 Ἴ

321 3960 365 4026 13)
398 3959 503 4029 Incipit
526 3961 573 4013 bic
596 3961 672 4030 apud
689 3962 737 4013 W„
754 3962 821 4027 Cap.
838 3956 980 4010 2dun.-
998 3954 1030 4010 Si
1048 3961 1112 4026 quis
1126 3961 1285 4026 peccaverit
1302 3967 1331 4012 et
1347 3975 1379 4013 se
1396 3961 1489 4030 ipsum
1504 3958 1646 4030 profunde
1663 3960 1876 4028 satisfaciat-(et

432 4059 574 4130 profunde
591 4066 721 4132 peniteat
738 4061 771 4114 Β.
788 4058 943 4114 forisfaciat
960 4057 1020 4126 S.),
1037 4037 1208 4130 temperetur
1225 4067 1256 4116 in
1276 4077 1311 4115 eo
1328 4063 1457 4130 justicia,
1475 4067 1619 4128 neustrie
1637 4061 1684 4131 B.)
1703 4079 1769 4132 erga
1789 4064 1875 4118 deum

391 4183 395 4189 ·
434 4168 472 4217 sit
495 4165 662 4218 clementius
688 4175 716 4216 et
735 4167 766 4216 tn
785 4163 882 4216 seculo
898 4161 1094 4228 tolerabilius,
1129 4175 1158 4217 et
1174 4165 1263 4218 multa
1281 4165 1431 4220 sedulitate
1448 4165 1570 4234 cogitet,
1605 4167 1658 4233 qui
1674 4163 1761 4220 habet
1778 4167 1825 4236 jus
1843 4169 1875 4220 irs

432 4266 556 4331 iudicio,
575 4270 641 4334 quia
660 4265 744 4335 (quid
762 4261 810 4332 Β.)
828 4263 884 4318 sibi
896 4253 1027 4333 'postulet
1044 4283 1060 4318 a
1077 4265 1201 4320 Domino
1222 4266 1337 4321 dicens:
1356 4268 1468 4325 dimitte
1484 4266 1534 4322 &es
1552 4266 1624 4321 Β.Β.
1649 4295 1651 4302 <

325 4367 369 4436 st)
404 4368 517 4436 justicia
535 4369 572 4420 H.
608 4373 684 4424 Certe
703 4368 932 4438 autdegendum:
949 4349 1073 4438 justitia,¹
1088 4377 1139 4422 eut
1157 4371 1229 4440 quod
1245 4372 1387 4442 sequitur:
1404 4374 1441 4428 sit
1458 4371 1488 4426 s‘n
1507 4373 1563 4425 siut
1582 4372 1751 4427 mumadam·
