4034 5124
284 355 313 438 4

362 553 444 625 Hec
476 568 533 628 est
557 557 756 642 institutio,
810 507 923 649 quom·
939 555 1078 625 Cnunrs
1103 575 1170 626 rex
1199 554 1344 625 decreto
1358 547 1391 646 ι)
1422 552 1625 646 principum
1660 553 1809 622 suorum

231 689 448 780 sapientium
473 692 520 760 ad
543 689 688 760 laudem
710 689 782 758 Dei
806 699 844 760 et
865 687 1041 758 honorem
1067 688 1233 778 ecclesie,
1247 683 1283 783 ²)
1310 695 1347 754 et
1374 686 1583 780 dignitatem
1605 685 1663 756 sui
1685 683 1811 775 ipsius,

235 821 348 892 etad
379 820 618 917 111111111113)
644 824 753 891 totius
776 822 879 912 regni
903 823 978 908 sui,
1028 824 1085 890 cui
1099 801 1268 919 preerat,
1321 819 1485 911 instituit.
1534 817 1616 889 Hoc
1627 812 1663 912 ⁴)
1689 795 1810 886 sutein

231 951 447 1026 factumest
477 957 517 1025 in
546 951 659 1024 netuli
691 953 841 1046 Domini
874 953 970 1043 apud
995 951 1237 1023 Wintoniam.

302 1075 306 1086 ·
853 1115 954 1183 (Leges
973 1109 1188 1181 ecclesiastice.)

684 1233 716 1300 1.
766 1218 939 1290 Primum
962 1214 1008 1289 de
1030 1223 1115 1292 Deo
1142 1218 1180 1292 8<
1198 1218 1361 1290 ecclesia.

365 1351 534 1422 Primum
552 1348 583 1445 ⁵)
609 1353 771 1444 quidem,
821 1362 864 1422 ut
888 1376 998 1444 supra
1022 1356 1142 1424 omnin
1172 1351 1332 1446 unum⁶)
1351 1353 1475 1455 ¹Deum
1502 1347 1738 1442 diligerentff)
1772 1343 1811 1418 81

232 1483 471 1575 honorarent,
502 1481 540 1555 8<
564 1506 676 1554 unam
703 1467 1054 1580 011111111111118)
1077 1497 1259 1576 tenerent,
1297 1482 1336 1558 &
1360 1484 1546 1554 ecclesium
1559 1479 1594 1574 ⁹)
1616 1482 1686 1550 Dei
1709 1489 1811 1550 tutn-

232 1626 360 1686 rentur
368 1616 451 1712 ,¹0)
488 1617 720 1709 pacificarent
746 1611 784 1688 8<
806 1613 1098 1710 frequentarent,
1148 1639 1343 1712 regemque
1366 1639 1472 1690 suum
1492 1625 1593 1686 recta
1615 1613 1687 1684 fide
1707 1633 1810 1686 omae

229 1756 326 1818 rent·
364 1841 366 1845 ι
446 1793 448 1800 ·

592 1893 627 1960 2·
655 1881 705 1979 (2.
717 1880 767 1977 3.)
826 1884 890 1955 De
908 1907 1009 1976 poce
1035 1882 1184 1954 ecclesie
1209 1881 1450 1977 tenenda.²¹)

341 2011 492 2083 -Omnis
523 2015 645 2104 itaque
668 2015 818 2084 ecclesia
849 2019 1048 2086 secundum
1077 2042 1243 2108 normam
1274 2019 1410 2111 justitie
1446 2016 1554 2086 debet
1585 2032 1663 2082 esse
1700 2007 1811 2096 iti-¹²)

228 2161 322 2236 *poce
350 2139 389 2214 8<
410 2145 601 2212 securitate
625 2131 713 2236 Dei,
727 2159 738 2188 ¹
752 2145 785 2241 ³)
837 2157 874 2218 ct
907 2151 1006 2218 omni
1040 2149 1244 2220 Christiano
1273 2145 1442 2222 convenii
1475 2150 1671 2244 maximam
1703 2161 1813 2213 reve-

233 2277 389 2345 rentiam
421 2274 593 2344 exhibere
623 2277 779 2347 ecclesiis
803 2279 883 2361 Dei.
958 2281 1038 2348 Pax
1068 2283 1164 2348 enim
1195 2291 1232 2349 et
1263 2255 1436 2349 securitus
1459 2281 1530 2347 Dei
1555 2255 1696 2345 summe
1727 2271 1813 2351 ossif

234 2411 355 2499 gentis
378 2410 623 2499 promovende
637 2409 695 2504 ¹⁴)
722 2421 792 2502 est,
833 2413 916 2482 dein
939 2433 1011 2502 pax
1035 2420 1073 2478 ei
1097 2413 1270 2480 securitas
1293 2413 1406 2502 regis,
1445 2431 1556 2503 quare
1579 2394 1812 2501 equissimum

221 2550 310 2630 est,
363 2549 405 2610 ut
436 2563 510 2631 pax
545 2531 776 2612 ecclesiarum
801 2543 873 2612 Dei
896 2541 992 2612 infre
1013 2545 1187 2632 parietes,
1239 2539 1277 2612 &
1300 2565 1373 2633 pax
1401 2537 1487 2622 data
1511 2536 1692 2631 menu¹⁵)
1716 2539 1812 2629 regis

235 2693 378 2762 semper
401 2683 473 2742 stet
494 2673 682 2764 inviolate,
734 2687 771 2746 et
787 2671 842 2766 1⁶)
869 2677 930 2766 qui
954 2674 1110 2766 aliquem
1136 2673 1366 2744 ecclesiarum
1382 2672 1438 2767 ¹⁷)
1464 2673 1598 2742 scilicet
1630 2679 1693 2740 aut
1715 2669 1812 2761 r'egis

235 2827 361 2894 pacem
392 2803 561 2895 fregerit,
594 2819 737 2882 ‚careat
770 2790 935 2878 omnibus
959 2804 1064 2874 bonis
1090 2809 1162 2875 suis
1189 2816 1226 2874 et
1250 2809 1339 2896 vito,
1388 2809 1458 2874 nisi
1480 2829 1555 2876 rex*
1576 2798 1699 2896 illi¹⁸)
1722 2823 1812 2894 per-

236 2957 316 3005 cere
342 2934 505 3008 voluerit.
538 2937 938 3034 ¹Quo‹1si¹⁹)aliquis
964 2961 1091 3030 pacem
1117 2939 1343 3010 ecclesiarum
1372 2937 1443 3009 Dei
1467 2941 1520 3010 ite
1545 2937 1745 3034 violaverit,
1771 2941 1812 3002 ut

234 3064 992 3163 1111110)1111111111111111111111111,
1046 3071 1116 3144 hoc
1140 3075 1188 3144 sii
1218 3071 1502 3162 inemendabile,
1551 3075 1813 3160 persequetur·
1851 3106 1853 3110 ·

423 3299 426 3306 ι

275 3489 301 3548 1)
338 3487 457 3541 consilio
475 3487 512 3540 H.
679 3491 709 3554 2)
743 3486 780 3544 Η.
795 3508 846 3544 om.
864 3490 982 3546 ecclesie
1000 3504 1029 3546 et
1046 3493 1221 3561 dignitatem.
1389 3492 1420 3561 5)
1456 3489 1616 3570 proiectum
1633 3487 1670 3541 Η.
1761 3541 1764 3546 ,
1796 3505 1798 3508 ·

158 3607 160 3614 1
270 3591 300 3656 4)
336 3593 406 3660 Quoe
423 3599 576 3661 sequuntur
595 3591 652 3644 des.
669 3593 698 3644 in
716 3595 752 3644 H.
922 3595 953 3658 5)
986 3593 1118 3664 Inprimis
1137 3595 1214 3664 quod
1231 3611 1316 3665 super
1337 3592 1386 3647 &n
1405 3593 1443 3645 Η.

268 3692 296 3758 6)
333 3693 420 3744 vellet
436 3708 547 3762 semper
563 3709 653 3747 uuum
672 3695 756 3746 deum
774 3695 883 3760 colere,
907 3712 1016 3764 umore,
1037 3696 1178 3752 houmere
1193 3697 1267 3750 ΒΗ.
1434 3695 1461 3765 7)
1499 3695 1648 3764 diligamus
1669 3690 1717 3746 &c
1734 3689 1769 3743 Β.

272 3793 298 3853 8)
333 3773 420 3845 iidem
437 3791 543 3848 Christi
560 3799 730 3848 unanimiter
748 3811 861 3848 seruare
875 3796 913 3850 H.
1081 3800 1109 3868 9)
1145 3798 1331 3852 ecclesiasti.

254 3895 298 3958 11)
330 3896 362 3946 in
380 3911 448 3964 poce
473 3906 503 3948 et
527 3899 557 3947 in
582 3902 732 3950 securitate
760 3897 903 3949 custodire
930 3899 1097 3968 eosdemque
1117 3905 1212 3968 sepius
1229 3899 1409 3968 frequentare
1426 3916 1479 3970 pro
1497 3902 1593 3968 quiete
1611 3903 1638 3946 et
1656 3891 1808 3946 stabilitate

254 3999 257 4004 '
366 4000 448 4062 regni
466 4000 512 4050 sui
529 4014 639 4067 proque
657 4000 748 4052 solute
767 4001 895 4066 corporis
916 4011 945 4052 et
962 4005 1054 4052 anime
1074 4016 1126 4054 suc
1142 4000 1216 4052 D.H.
1235 4018 1241 4030 ¹
1384 4003 1434 4066 n)v
1460 4000 1533 4053 nn.
1551 4016 1602 4050 cm·
1620 3977 1751 4048 tenende.

252 4097 296 4172 11)
329 4096 403 4149 ΠΗ.
420 4100 485 4151 add.
502 4097 628 4168 propris·
798 4099 842 4167 13)
878 4097 984 4154 Christi
1001 4099 1038 4154 A.
1125 4073 1128 4080 Δ
1208 4101 1251 4170 14)
1287 4103 1472 4171 promerende
1492 4111 1521 4154 ct
1539 4098 1659 4152 tenenda
1677 4096 1713 4152 Η.

251 4199 295 4262 15)
328 4197 401 4250 ΒΗ.
418 4201 485 4252 cdd·
501 4198 663 4254 Christiani·
688 4227 722 4243 -
740 4218 813 4270 pax,
832 4218 917 4270 quam
935 4219 988 4256 rex
1000 4221 1085 4256 mauu
1104 4221 1155 4260 sua
1173 4203 1281 4258 dederit
1298 4201 1362 4260 B.S.

250 4300 293 4364 16)
328 4297 362 4351 Β.
379 4319 431 4356 om.
448 4303 658 4357 et.·...volneris.
761 4342 769 4354 .
805 4306 874 4375 v17)
909 4279 1057 4360 ecclesiam
1075 4305 1112 4360 H.
1282 4306 1331 4378 18)
1366 4303 1623 4362 consoranensis
1716 4285 1729 4364 ¹.

250 4400 295 4466 ¹⁹)
330 4401 367 4454 H·
385 4405 450 4458 cdd·
469 4405 581 4460 deinde·
752 4401 801 4472 ²⁰)
836 4404 955 4463 1111.
982 4409 1114 4465 ecclesie.
1232 4407 1236 4416 “
1715 4395 1719 4404 “
