4034 5124
268 330 318 384 vt

212 513 452 584 desiderantur.
490 541 492 546 ·
513 516 597 608 Quo
620 511 756 610 quidem
776 513 887 618 omnia
911 515 992 582 setis
1015 513 1152 599 docent,
1176 513 1288 608 plures
1312 512 1422 601 legum
1440 519 1559 586 Canuti
1584 515 1794 596 collectiones

211 623 319 709 latino
339 653 491 697 sermone
512 634 713 724 conscriptas
734 647 861 714 extare,
905 631 1032 722 privata
1055 633 1248 699 auctoritate
1269 633 1454 716 coniectas,
1498 657 1571 724 qno
1596 629 1793 704 noosolntn

212 727 252 810 io¹
268 739 404 830 singulis
427 748 537 815 verbis
557 741 860 832 Aegio-Saxonicis
880 745 1165 840 serrendtsatque
1185 743 1397 841 explicandis,
1426 752 1662 818 verumetiam
1683 733 1795 842 quoad

164 931 167 940 Δ
213 857 321 948 ipsum
346 879 574 942 argumentum
594 865 683 928 inter
715 885 748 928 sc
771 859 866 928 valde
887 859 1085 930 differnnu
1189 897 1194 906 ·

214 1007 219 1016 ·
314 999 323 1010 ·
344 978 603 1063 Argumentum,
623 976 717 1070 quod
737 975 819 1070 petit
839 977 1012 1043 Aoehcros
1032 997 1072 1042 sn
1085 999 1181 1048 nexu
1203 977 1290 1044 inter
1311 977 1401 1067 tuuc·
1414 981 1676 1072 supplementum
1697 979 1794 1048 cedi-'⁵

212 1089 260 1154 cis
283 1091 440 1156 nostri&
463 1107 560 1183 ceput
579 1104 623 1167 83
642 1101 728 1176 (60),
755 1091 852 1184 quod
875 1091 1023 1158 ultimum
1046 1095 1094 1157 es't
1114 1091 1149 1156 in
1170 1088 1314 1162 editione
1335 1097 1422 1187 typis
1446 1097 1617 1178 mundata,
1645 1116 1721 1160 saue
1744 1088 1793 1160 nil

209 1201 299 1270 aliud
321 1203 461 1296 probet,
504 1207 566 1272 nisi
586 1208 680 1299 quod
697 1203 961 1299 supplementum
980 1207 1025 1274 sit
1042 1207 1112 1298 ipsa
1130 1201 1204 1294 lege
1224 1211 1406 1290 recentius,
1441 1209 1658 1278 nullomodo
1673 1227 1792 1289 eutem,
1824 1192 1826 1195 ”
1855 1262 1858 1268 .

178 1311 181 1318 ’
210 1320 253 1385 ab
274 1320 349 1411 ipso
368 1345 443 1406 rege
468 1311 650 1392 (lanuto-id
672 1323 861 1414 proiectum
884 1344 970 1402 esse,
1013 1322 1103 1413 qnod
1125 1339 1163 1388 nt
1184 1319 1361 1406 statuatur,
1403 1329 1515 1416 ipsam·
1531 1326 1627 1412 hujus
1656 1307 1795 1417 supple?-

212 1437 315 1501 menti
335 1433 481 1504 indolem
514 1439 569 1507 rix
593 1439 798 1516 admittere,
826 1459 925 1530 supra
945 1437 1173 1506 demonstrare
1195 1439 1303 1506 conati
1323 1449 1445 1506 sumus.
1506 1443 1558 1508 Ne
1576 1439 1657 1530 quid
1675 1439 1793 1518 eutem,
1912 1488 1915 1498 .

214 1548 304 1642 quod
326 1553 509 1637 argumenti
529 1550 604 1620 loco
622 1554 738 1644 posuit
753 1552 854 1620 celeb.
877 1551 1047 1618 docherus
1066 1569 1197 1633 noster,
1227 1555 1426 1644 praeteriisse
1443 1553 1628 1634 videamur,
1644 1575 1818 1640 v'necessa-

211 1683 283 1747 est,
316 1684 353 1732 ut
375 1670 450 1735 huic
474 1667 701 1760 supplemento
722 1667 937 1734 examinando
956 1663 1070 1757 paullo
1088 1665 1211 1732 diutius
1226 1667 1456 1736 immoremur.
1512 1671 1689 1760 Postquam
1708 1667 1795 1736 enim

211 1779 571 1866 Anchcrusillaverba‚
592 1787 658 1870 iem
678 1806 781 1874 supro
794 1806 829 1874 p.
846 1783 893 1852 VI
913 1776 1065 1848 landatur
1089 1783 1149 1851 ”si-
1167 1805 1246 1850 vero
1267 1781 1353 1868 leges
1375 1781 1428 1851 hae
1451 1801 1537 1866 snut,
1558 1807 1627 1854 nou
1641 1799 1802 1872 excerpta.

212 1895 341 1984 legum,
372 1899 426 1966 vix
445 1899 489 1966 ad
511 1897 616 1966 alium
634 1921 732 1992 quam
753 1896 1229 1989 (Σαιιιιῑιιιιιτοίιεπὶ’ροεειιιιῑη
1258 1893 1420 1980 attulerit,
1453 1901 1524 1966 hoec
1546 1897 1655 1968 addit:
1701 1897 1815 1999 ’'Una·
1861 1930 1864 1935 ·

213 2013 512 2105 igitur-cadensque
533 2016 634 2093 scrie,
671 2015 743 2084 aine
762 2007 926 2096 singulari
946 2015 1099 2096 rubricas,
1130 2013 1427 2106 'reliquas'Caouti
1446 2012 1532 2101 leges
1551 2029 1628 2081 mox
1647 2032 1795 2110 sequuuf

135 2117 140 2126 ’
214 2142 269 2193 tur
288 2143 445 2216 tanquam
464 2127 661 2221 appendices
673 2129 825 2218 priorum
846 2123 954 2213 legum
965 2129 1093 2208 Canuti,
1109 2147 1143 2197 et
1164 2132 1223 2196 has
1236 2129 1356 2197 iterum
1369 2111 1541 2221 excipiunt·
1552 2129 1638 2214 l'age‘s
1650 2122 1796 2196 Wilhel'o

211 2241 260 2308 mi
282 2245 315 2306 &,
334 2242 493 2311 Edvarsli.
518 2245 677 2334 Imo‘ipsa
698 2241 769 2310 haee
788 2243 928 2310 accessio
948 2240 1089 2324 indicat,
1110 2245 1155 2307 ab·
1175 2245 1292 2310 eodem
1316 2265 1387 2308 aem
1409 2243 1594 2326 legislatore
1614 2237 1795 2331 profectam

214 2376 293 2438 esse,
313 2381 332 2422 a
352 2371 422 2450 qno
439 2360 568 2450 priores
590 2355 686 2444 leges,
711 2381 791 2450 quas
809 2358 944 2424 Cannto
967 2358 1038 2441 regi
1059 2356 1251 2423 adscribere·
1267 2379 1365 2423 nemo
1384 2353 1532 2422 dubitat.
1556 2356 1685 2445 Dicitur
1704 2357 1793 2421 enim

214 2482 300 2562 Indss
313 2473 348 2538 in
363 2489 451 2540 textu
462 2463 626 2540 Roffensi:
648 2475 687 2540 Si
708 2483 823 2540 nutem
840 2473 923 2538 satis
943 2471 1122 2551 occiditur,
1141 2471 1277 2560 qualem
1297 2495 1397 2563 supra
1417 2471 1665 2538 nominavimus
1685 2471 1794 2538 Rade-

135 2655 145 2684 ⁸
213 2588 316 2669 niht;¹
335 2605 367 2653 at
387 2611 466 2656 vcro
484 2589 520 2667 in
537 2591 720 2657 accessione
739 2590 801 2655 hac
819 2582 905 2653 nihil
927 2608 1026 2676 supra
1045 2583 1087 2653 de
1104 2609 1191 2654 ‘voce
1204 2586 1386 2671 Radeuiht3
1406 2588 1446 2681 in'
1466 2584 1591 2682 legibus
1614 2603 1721 2654 autem
1741 2609 1795 2654 se*

215 2697 378 2769 solaribus
394 2705 522 2783 Canuti,
545 2727 625 2798 qvas
649 2701 748 2768 habet
769 2701 885 2769 Codex
908 2699 1128 2782 Colbcrtiuns,
1146 2701 1327 2794 appellatio
1348 2703 1418 2770 lraec
1439 2702 1583 2770 occurrit
1602 2704 1698 2794 (Cap.
1706 2707 1794 2787 62).”

142 2808 147 2816 ,
214 2817 317 2900 Saue,
355 2817 527 2910 quomodo
561 2818 617 2886 illa
644 2814 786 2884 laudatio
815 2816 1019 2884 authentiam·
1045 2815 1125 2902 legis
1150 2819 1295 2908 probare
1324 2821 1444 2910 possit,
1483 2841 1554 2885 uon
1582 2818 1655 2886 satis
1684 2818 1792 2885 video.

214 2934 318 3000 Curni
336 2934 425 3002 idem
447 2931 523 3018 illc,
556 2935 614 3028 qui
636 2933 722 3021 leges
742 2933 860 3000 Canuti
882 2930 1069 3022 exscripsit,
1106 2931 1186 3000 duur
1209 2935 1244 3000 in
1266 2930 1337 3002 aliis
1356 2931 1481 3022 legibus
1503 2931 1679 3022 legumque
1699 2956 1794 3000 com·

214 3051 397 3130 mortariis,
441 3035 710 3141 quae-tauqunm'
728 3041 1100 3132 additamenta·legibus
1128 3050 1245 3115 Canuti
1272 3051 1472 3135 subjungere
1500 3065 1613 3136 aptum
1643 3045 1792 3127 ducebat,

214 3183 330 3232 recem
352 3165 506 3245 offendit,
552 3186 650 3255 quam
669 3165 705 3228 io
731 3162 811 3253 ipsis
834 3157 962 3244 legibus
983 3163 1102 3234 Canuti
1124 3162 1293 3230 ‘vertendis
1321 3168 1386 3254 jum
1410 3161 1621 3253 explicavit,
1644 3159 1687 3227 n'd
1705 3160 1795 3228 h'unc

213 3275 323 3346 locum
345 3275 502 3346 lectorem
522 3277 670 3364 ablegare
687 3279 818 3368 potuit?
848 3278 940 3366 Quin
964 3275 1169 3345 econtrario
1187 3277 1331 3345 laudatio
1355 3277 1427 3344 talis
1446 3253 1688 3371 appelloiionis,
1720 3300 1793 3370 quae

212 3393 328 3478 Anglis
348 3393 432 3460 haud
459 3394 557 3460 dubie
578 3392 863 3472 notissimaeret,
884 3414 937 3458 me
955 3387 1067 3475 judice.
1084 3391 1194 3482 potius
1218 3399 1381 3457 auctorem
1403 3378 1587 3485 privatum,
1623 3415 1721 3483 quam
1743 3393 1793 3458 le-·

211 3509 397 3596 gislatorem
419 3493 817 3599 indigitat.²·1demvlrlet
839 3507 881 3575 de
901 3507 1004 3576 ¹simili
1019 3507 1191 3586 citatione,
1215 3505 1287 3598 quae¹
1308 3509 1452 3574 occurrit
1474 3507 1510 3574 in
1532 3532 1604 3602 cap.
1629 3515 1708 3591 144,
1734 3509 1792 3575 ubi

214 3625 288 3691 hoec
307 3619 460 3712 legimus:
506 3624 600 3690 ”talis
621 3623 742 3692 dehinc
765 3641 872 3718 potest
896 3647 959 3715 pro
981 3621 1118 3688 domino
1150 3645 1209 3689 sno
1230 3624 1407 3715 praejurare
1426 3628 1677 3711 jurameutum,
1699 3623 1795 3718 quod*

212 3725 571 3832 supranominavimua
584 3740 755 3827 foroitt,”
779 3741 918 3831 ‘quibus
948 3737 1056 3806 verbis
1086 3733 1191 3804 lector
1221 3735 1390 3824 ablegatur
1413 3739 1456 3806 ad
1477 3740 1580 3827 legem
1603 3734 1791 3806 secularem

213 3873 287 3946 cap.
300 3868 348 3930 ¹22
368 3864 457 3940 (ρο),
478 3858 539 3923 ubi
559 3857 821 3948 praejuramenti,
842 3871 1036 3954 utlvocant,
1057 3855 1180 3919 mentio
1202 3853 1249 3920 fit.
1294 3853 1410 3944 Quint
1429 3855 1566 3950 quodsi
1583 3855 1790 3922 animadver·
1901 3888 1904 3893 ·

212 3989 302 4054 tuus,
334 3971 634 4042 laudationesttlas
651 3971 815 4063 respicere
834 3967 934 4038 verba
959 3967 1262 4065 Aegle-Saronico,
1294 3993 1367 4062 quse
1388 3973 1423 4039 in
1446 3969 1708 4062 antecedentibus
1730 3975 1792 4057 oc·¹

214 4106 403 4171 currerent,
433 4107 466 4156 et
483 4090 512 4155 si
535 4088 702 4165 videmus,
732 4101 898 4152 auctorent
919 4085 989 4151 iere
1007 4107 1156 4176 semper,
1179 4085 1236 4150 ubi
1256 4085 1477 4180 appellatione
1500 4085 1639 4176 quadam
1662 4085 1789 4168 Anglo·

207 4203 372 4284 Saronico
396 4206 518 4285 utitur,
539 4201 677 4269 adderet
719 4199 833 4292 ”quod
852 4217 968 4286 vocent
990 4198 1158 4288 Angli”,*)
1181 4200 1274 4268 facile
1296 4202 1484 4286 inducimur
1499 4199 1551 4266 'ad
1571 4199 1793 4309 credendum,

221 4323 451 4354 Ι--ιρ-ιι-μ-υ-Δ-

248 4376 283 4442 st)
312 4375 361 4433 Sic
377 4383 409 4432 in
425 4379 483 4448 leg.
500 4377 571 4433 acci.
586 4374 741 4446 eroldi,
762 4391 803 4437 ιο,
824 4375 865 4438 ιδ,
886 4355 1416 4447 15.so‚17‚2a-21‚sss1mnu1us.
1450 4383 1452 4390 ’
1482 4441 1483 4444 ¹
