4034 5124
315 311 363 394 16

265 531 350 592 sunt
382 521 566 594 secularia.
641 520 734 619 En)
768 525 800 595 si
835 525 915 617 quis
940 491 1246 595 'commendaverit
1276 519 1424 594 alterius
1449 520 1627 595 monacho
1657 489 1851 612 pecuniam

265 667 332 725 aut
360 654 494 748 aliquid
519 655 616 728 aliud
629 655 664 752 ²)
692 659 738 728 ad
764 657 1037 728 custodiendum
1062 657 1140 728 sine
1162 637 1308 725 licentia
1327 629 1458 746 prelati
1483 657 1557 746 sui,
1590 648 1628 726 8<
1651 653 1848 724 monachus

220 822 223 828 v
265 783 354 856 illud
376 791 590 881 perdiderit,
616 792 664 862 sit
684 789 738 862 illi
764 792 966 882 perditum,
991 789 1054 884 qni
1078 789 1156 858 sine
1175 786 1333 860 licentia·
1345 785 1476 879 prelati
1491 783 1530 882 ³)
1550 785 1728 860 monacho
1746 807 1851 880 com-

271 890 462 992 mandavit.

628 1019 720 1138 ⁴13·
747 1051 814 1152 (5.)
867 1055 929 1128 De
941 1051 977 1149 ⁴)
1011 1052 1188 1126 convictis
1214 1051 1458 1148 presbyteris.

339 1179 615 1306 Presbyter,
649 1191 681 1258 si
704 1189 967 1302 calumpniatus
991 1197 1029 1258 et
1052 1190 1236 1304 conviotus
1255 1186 1388 1276 fuerit,
1415 1186 1513 1297 qnod
1531 1185 1714 1256 stetisset
1703 1207 1742 1254 ιιι
1757 1180 1851 1254 falso

270 1314 497 1406 testimonio,
522 1329 586 1388 ant
608 1319 761 1409 jurasset
776 1318 807 1414 ⁵)
830 1343 913 1389 cum
937 1319 1110 1414 perjuris,
1135 1287 1197 1389 aut
1218 1313 1348 1390 fnisset
1373 1321 1491 1389 socius
1504 1316 1540 1413 ⁶)
1566 1329 1629 1388 aut
1644 1339 1805 1387 conserus
1817 1313 1854 1410 ⁷)

268 1442 467 1536 latrocinii,
526 1451 728 1565 deponatur
742 1449 774 1545 ⁸)
823 1477 846 1522 a
881 1453 1142 1562 communione
1179 1451 1238 1520 et
1255 1468 1299 1520 a
1312 1452 1488 1520 societate
1536 1451 1832 1537 ordinatorum,⁹
1838 1445 1853 1542 )

268 1585 305 1644 et
328 1588 450 1646 eareat
463 1553 638 1650 libertate
654 1583 709 1677 ¹0)
733 1607 876 1672 eorum,
902 1599 1010 1675 quam
1035 1553 1143 1674 Angli
1167 1591 1312 1653 vocant
1321 1577 1568 1680 pegenscipe,
1583 1581 1662 1677 ¹¹)
1669 1583 1739 1652 nisi
1762 1602 1854 1672 pro-

268 1705 416 1778 fundius
447 1711 642 1783 satisfaciat
665 1715 746 1785 Deo
780 1711 819 1786 8<
849 1713 1076 1802 hominibus,
1126 1715 1334 1784 secundum
1354 1724 1567 1804 preceptum
1602 1705 1658 1784 eui
1684 1715 1852 1805 episcopi,

273 1851 311 1909 et
323 1839 556 1932 fidejussores
574 1843 631 1940 ¹²)
657 1850 836 1937 inveniat,
871 1848 968 1940 quod
992 1847 1038 1916 ab
1065 1867 1109 1915 eo
1131 1817 1296 1956 tempore
1322 1843 1475 1935 amplius
1499 1846 1654 1916 cessabit
1679 1819 1725 1914 ab·
1755 1845 1855 1936 ejus·
1859 1882 1860 1887 ι

272 1970 440 2066 modi¹³)
475 1978 655 2066 operibus.
730 1981 871 2066 Quodsi
899 1981 1085 2070 negaverit
1119 1986 1156 2048 et
1186 1999 1343 2070 purgare
1373 1999 1413 2048 se
1438 1977 1610 2070 voluerit,
1655 1979 1855 2051 secundnm
1913 1961 1916 1970 ¹

274 2103 379 2232 culpe
405 2107 556 2176 modum
580 2118 618 2224 et
642 2112 878 2202 quantitatem
902 2133 942 2179 se
966 2119 1106 2203 purget
1122 2109 1225 2205 “J
1300 2083 1303 2091 ¹
1590 2187 1593 2194 .

845 2249 905 2322 14.
936 2240 999 2337 (6.)
1058 2240 1282 2352 capsarum,
1370 2236 1374 2246 ’
1491 2207 1498 2223 “

407 2369 489 2441 Hoc
504 2383 516 2414 ¹
529 2372 561 2468 ⁵)
586 2330 693 2442 etiam
718 2374 927 2464 statuimus,
949 2381 992 2442 ut
1015 2375 1269 2476 unusquisque,
1298 2367 1469 2466 cujusque
1495 2341 1630 2444 ordinis
1654 2373 1701 2444 sit
1720 2382 1782 2444 aut
1796 2327 1854 2467 ιε)

198 2603 201 2610 ,
275 2499 467 2590 cujuslibet
490 2527 613 2594 sexus,
642 2517 763 2578 servet
787 2507 950 2575 ordinem
973 2528 1089 2594 suum,
1105 2505 1161 2611 ι7,)
1186 2514 1224 2573 et
1245 2507 1416 2596 precipue
1431 2503 1510 2574 hoc
1533 2501 1750 2597 precipimus
1776 2529 1857 2576 ser-

276 2634 331 2701 vis
345 2645 392 2703 et
419 2637 555 2708 ancillis
580 2639 668 2728 Dei,
700 2637 870 2708 uidelicet
888 2630 1085 2728 episcopis,
1120 2636 1329 2728 abbatibus,
1357 2637 1562 2728 abbatissis,
1579 2635 1636 2730 ιε)
1660 2639 1853 2726 monachis,

254 2767 696 2862 'sanctimonialibns,¹⁹)
738 2771 938 2858 canonicis,
971 2769 1209 2860 presbyteris,
1223 2767 1282 2863 ²0)
1316 2738 1467 2860 nonnis,
1501 2779 1543 2844 ut
1560 2767 1775 2862 regulariter
1799 2772 1859 2842 vi·

276 2930 505 2950 Q*

299 3031 342 3096 .ι)
379 3029 416 3087 Α.
433 3050 487 3087 om.
505 3053 566 3106 qnoe
581 3045 732 3107 aeqnnntnr
749 3053 834 3107 usqne
851 3035 891 3088 od
901 3033 989 3103 finem
1008 3053 1067 3107 cop.
1250 3036 1283 3108 ι)
1320 3037 1375 3088 tale
1393 3035 1430 3087 H.
1593 3034 1627 3102 b)
1662 3033 1701 3104 H.
1720 3037 1783 3088 odd·
1799 3037 1855 3089 ¹sari.

313 3130 341 3190 4)
375 3129 437 3184 Lex
454 3134 604 3200 presbiteri
621 3137 804 3203 calumpniati
820 3137 895 3202 iuste
913 3135 984 3191 HD.
1141 3137 1174 3208 5)
1208 3138 1379 3198 intrassem)
1398 3132 1435 3186 H.
1591 3133 1625 3202 6)
1649 3139 1770 3204 sopitus
1787 3135 1856 3192 tto.
1888 3179 1890 3184 .

315 3231 343 3298 7)
381 3212 472 3286 sciens
490 3235 671 3292 latrocinium
688 3235 760 3292 HD.
794 3233 903 3288 furtum
919 3235 1034 3303 iecerit,
1071 3237 1297 3307 deprecatorio.
1320 3235 1353 3293 B.
1384 3303 1385 3306 Ἴ
1463 3225 1465 3230 Χ
1765 3223 1769 3230 x

313 3331 345 3416 8)¹
380 3333 537 3400 deponatur
555 3349 586 3387 c:
605 3338 778 3388 excludatur.
881 3337 913 3406 9)
929 3341 1058 3390 omniurn
1074 3337 1217 3390 bonorum
1225 3343 1367 3401 societate,
1384 3335 1809 3398 dilectione&honorenisi&o.
1824 3338 1856 3392 Β.

300 3443 343 3498 ιο)
380 3433 511 3487 libertate
528 3439 639 3504 majore
658 3456 692 3488 ac
710 3439 857 3506 dignitate.
1028 3437 1074 3507 ιι)
1108 3439 1336 3505 Tbeingesshipe
1354 3435 1390 3492 H.
1426 3437 1599 3508 thegenscipe
1620 3443 1840 3507 regnantium,

301 3538 345 3602 ιι)
383 3537 587 3591 emendationi-s
608 3550 636 3590 et
653 3539 802 3606 legalitatis
819 3540 930 3618 plegios
952 3542 1087 3592 iuveniat.
1122 3535 1234 3607 Quodsi
1253 3538 1306 3593 &ci
1318 3536 1352 3589 Β.
1515 3538 1563 3610 13)
1598 3540 1654 3594 hiis
1671 3541 1708 3594 Η.

303 3639 347 3702 ι4)
382 3635 415 3692 Β.
433 3640 497 3694 add.
515 3643 552 3691 sit
569 3641 615 3692 vel
633 3656 685 3709 per
698 3641 840 3708 triplicem
857 3645 1035 3709 negationem
1049 3641 1096 3693 sel
1106 3641 1298 3708 singularem
1317 3635 1480 3710 quostiam
1497 3640 1526 3698 in
1537 3649 1619 3700 tantu
1630 3645 1690 3698 AS.
1703 3651 1859 3696 ornarunt·

303 3739 346 3802 15)
382 3738 418 3792 Et
436 3742 584 3804 volumus,
620 3752 653 3793 nt
675 3747 848 3810 quicunque.
860 3747 917 3795 sint
931 3747 964 3796 in
980 3742 1080 3795 ordine
1098 3743 1247 3794 clericatus
1265 3743 1413 3792 constituti
1430 3743 1510 3807 puris
1530 3742 1670 3795 ruentibus
1687 3743 1860 3795 inclinentur

414 3841 598 3910 singulariter
615 3842 651 3894 ad
669 3859 701 3896 ea
720 3843 797 3913 (eam
815 3843 1014 3898 rectitudinem
1031 3841 1079 3913 Β.)
1097 3859 1153 3911 qne
1170 3846 1239 3910 ipsis
1257 3844 1408 3910 pertinent.
1427 3839 1564 3909 (pertinet
1581 3839 1629 3916 Β.)
1649 3838 1719 3892 D.B.

303 3939 363 4010 16)
384 3943 420 4000 A·
438 3963 489 3996 om·
507 3954 689 3998 ammonicus.
889 3944 932 4016 ιγ)
969 3944 1006 3996 Η.
1027 3946 1095 3998 aad.
1111 3954 1163 3998 ant
1180 3943 1357 4011 degradetur.

204 4027 206 4030 ³
303 4045 347 4110 ad)
383 4044 453 4100 An.
473 4055 525 4098 ont.
543 4025 717 4100 abbitissis‘
1270 4033 1283 4058 ³

305 4147 348 4214 19>
384 4145 529 4199 Monachus
542 4146 575 4200 Β.
602 4145 834 4202 sanctimoniales
851 4146 1012 4215 dicebantur
1021 4145 1151 4215 scamina
1162 4156 1216 4197 out
1231 4146 1361 4217 virginer,
1380 4165 1444 4220 για
1456 4153 1563 4198 sancto
1578 4161 1611 4197 nc
1625 4153 1712 4208 coaice
1727 4146 1795 4200 vitos
1811 4149 1861 4200 da·

418 4249 486 4300 bant
498 4267 624 4318 operam,
641 4251 779 4302 interdum
793 4251 895 4327 certis,
912 4266 987 4317 προ
1001 4247 1087 4300 natue
1103 4247 1250 4300 adstrictoe
1263 4250 1421 4302 monasticis
1436 4247 1514 4300 notia.
1550 4249 1597 4299 Du
1614 4249 1713 4318 Gange.

304 4349 350 4416 ιο)
385 4345 418 4404 Β.
437 4367 487 4405 om.
504 4345 687 4417 presbyteris.
